2222 3496
220 282 290 333 34
876 271 969 314 ΟΝ
1010 271 1143 314 OLD
1180 271 1317 315 AGE
1614 304 1627 317 f
1691 271 1825 325 [ΕΔΤ.
1849 270 1965 310 Mn.

217 423 405 470 suam;
463 406 637 457 multa
684 405 830 457 enim
874 422 1001 457 cum
1046 406 1260 457 remissi
1303 413 1360 457 et
1403 405 1560 458 liberi
1605 413 1733 457 sunt
1775 405 1963 456 futura

216 496 574 563 prospiciunt.
636 496 719 546 Ex
756 512 863 563 quo
891 495 1232 562 intellegitur
1260 496 1447 563 quales
1475 496 1647 547 futuri
1677 496 1806 559 sint,
1836 511 1960 547 curn

218 603 276 639 se
311 587 471 653 plane
500 586 744 652 corporis
773 586 1005 637 vinculis
1040 586 1418 637 relaxaverint.
1476 585 1604 654 Qua
1637 603 1711 650 re,
1748 586 1792 637 si
1826 586 1960 637 haec

217 677 295 728 ita
329 685 475 739 sunt,
507 677 585 727 sic
620 692 707 727 me
741 676 981 727 colitote'
1014 675 1192 743 inquit
1230 682 1241 704 ‘
1261 684 1322 727 ut
1356 676 1536 727 deum.
1609 675 1708 729 Sin
1741 691 1850 726 una
1876 683 1962 726 est

165 783 187 826 5
221 767 543 818 interiturus
581 766 796 818 animus
825 783 950 818 curn
980 782 1225 832 corpore,
1255 782 1353 817 vos
1383 774 1584 830 tamen,
1615 766 1748 817 deos
1776 781 1963 817 veren-

219 867 323 922 teS,
355 858 447 925 qui
482 858 620 908 hanc
654 873 874 908 omnem
908 856 1373 923 pulchritudinem
1407 864 1634 908 tuentur
1660 864 1718 907 et
1745 863 1963 922 regunt,

220 948 537 999 memoriam
568 947 743 998 nostri
771 947 860 1013 pie
888 947 1259 1014 inviolateque
1290 946 1618 998 servabitiS.’

295 1042 486 1088 XXIII.
546 1044 624 1089 82.
672 1037 852 1107 Cyrus
908 1037 1129 1105 quidem
1189 1037 1323 1088 haec
1385 1037 1638 1088 moriens.
1725 1037 1863 1100 Nos,
1920 1035 1966 1088 si

220 1129 420 1196 placet,
461 1136 651 1179 nostra
687 1127 987 1179 videamus.
1052 1127 1234 1179 Nemo
1270 1143 1532 1194 umquam
1570 1126 1720 1191 mihi,
1760 1125 1963 1193 ScipiO,

141 1243 193 1271 10
221 1219 577 1287 persuadebit
621 1226 717 1269 aut
761 1227 976 1285 patrem
1021 1226 1179 1269 tuum
1222 1217 1468 1281 Paulum,
1513 1225 1610 1268 aut
1653 1217 1791 1268 duos
1835 1233 1967 1267 avos

223 1310 450 1361 Paulum
506 1317 564 1361 et
612 1308 961 1372 Africanum,
1013 1316 1108 1359 aut
1156 1307 1410 1359 Africani
1464 1315 1677 1374 patrem
1731 1316 1826 1359 aut
1880 1323 1970 1374 pa-

222 1410 427 1464 truum,
476 1408 572 1451 aut
621 1399 825 1451 multos
876 1399 1212 1466 praestantis
1259 1398 1406 1449 viros
1455 1415 1592 1466 quos
1648 1414 1968 1450 enumerare

223 1509 332 1543 non
359 1499 447 1543 est
475 1507 723 1554 necesse,
755 1498 911 1541 tanta
943 1507 1066 1542 esse
1097 1496 1325 1541 conatos
1357 1505 1495 1557 quae
1529 1489 1596 1541 ad
1627 1489 1970 1556 posteritatis

222 1582 542 1634 memoriam
581 1581 941 1648 pertinerent,
982 1580 1086 1631 nisi
1125 1580 1307 1631 animo
1349 1587 1640 1631 cernerent
1681 1579 1972 1646 posterita-

144 1694 160 1722 ι
171 1693 193 1737 5
224 1682 337 1725 tem
366 1673 433 1724 ad
459 1690 518 1724 se
547 1672 840 1739 pertinere.
897 1671 992 1722 An
1013 1679 1396 1734 censeS,—ut
1418 1670 1486 1722 de
1511 1687 1596 1722 me
1626 1671 1745 1737 ipse
1767 1670 1970 1738 aliquid

224 1781 374 1816 more
417 1780 611 1815 senum
653 1763 1067 1830 glorier,—me
1110 1769 1295 1813 tantos
1333 1749 1548 1812 labores
1586 1761 1810 1812 diurnos
1849 1778 1973 1813 noc—

225 1864 528 1922 turnosque
552 1854 699 1905 domi
729 1853 1065 1920 militiaeque
1095 1860 1484 1919 suscepturum
1507 1851 1697 1916 fuisse,
1722 1851 1769 1903 si
1797 1851 1971 1903 isdem

226 1945 426 1997 finibus
481 1945 711 2012 gloriam
766 1960 943 1995 meam
972 1932 1199 2011 'quibus
1253 1943 1423 1993 vitam
1483 1958 1667 1994 essem
1720 1942 1974 1994 termina-

226 2037 421 2088 turus?
491 2036 692 2087 Nonne
740 2034 935 2085 melius
985 2034 1159 2085 multo
1206 2033 1408 2085 fuisset
1451 2033 1688 2084 otiosam
1732 2040 1973 2085 aetatem

144 2151 196 2179 20
225 2136 283 2179 et
322 2127 564 2195 quietam
607 2126 724 2177 sine
768 2125 878 2176 ullo
918 2125 1104 2176 labore
1145 2132 1203 2176 et
1245 2123 1601 2176 contentione
1644 2123 1972 2175 traducere?

227 2218 337 2270 Sed
381 2217 568 2269 nescio
610 2233 718 2284 quo
760 2215 924 2267 modo
964 2215 1178 2266 animus
1221 2215 1440 2281 erigens
1483 2230 1542 2266 se
1587 2214 1971 2281 posteritatem

225 2310 302 2360 ita
346 2325 565 2375 semper
607 2306 999 2375 prospiciebat,
1045 2305 1199 2373 quasi
1245 2322 1371 2356 cum
1416 2305 1750 2357 excessisset
1790 2321 1821 2356 e
1862 2305 1974 2356 vita

226 2408 344 2451 tum
374 2400 611 2466 denique
640 2399 888 2450 victurus
923 2405 1086 2449 esset.
1145 2395 1310 2464 Quod
1341 2396 1563 2464 quidem
1598 2395 1652 2446 ni
1687 2395 1764 2447 ita
1792 2412 1851 2447 se
1884 2395 1972 2446 ha-

225 2490 400 2554 beret,
430 2498 491 2541 ut
525 2489 690 2540 animi
725 2488 1043 2539 inmortales
1072 2495 1277 2551 essent,
1308 2486 1453 2537 haud
1482 2485 1677 2552 optimi
1706 2485 1973 2553 cuiusque

145 2601 196 2645 25
226 2581 441 2632 animus
477 2580 710 2631 maxime
744 2579 811 2630 ad
842 2578 1293 2629 inmortalitatem
1328 2586 1385 2628 et
1420 2577 1651 2644 gloriam
1684 2576 1969 2628 niteretur.

227 2678 304 2723 83.
345 2670 513 2738 Quid,
539 2670 684 2738 quod
708 2668 1146 2736 sapientissimus
1170 2667 1403 2735 quisque
1431 2667 1764 2735 aequissimo
1792 2666 1974 2718 animo

227 2762 476 2825 moritur,
522 2761 882 2812 stultissimus
928 2758 1311 2827 iniquissimo?
1384 2757 1584 2809 Nonne
1629 2757 1785 2808 vobis
1829 2756 1975 2808 vide-

228 2861 318 2905 tur
355 2853 400 2904 is
439 2852 671 2915 animus,
708 2851 799 2919 qui
840 2850 962 2917 plus
1000 2857 1190 2901 cernat
1228 2857 1284 2900 et
1317 2849 1551 2916 longius,
1586 2848 1773 2900 videre
1812 2863 1871 2899 se
1905 2846 1973 2898 ad

229 2944 451 2996 meliora
499 2942 791 3009 proficisci,
837 2941 927 2993 ille
975 2949 1159 2992 autem
1207 2939 1364 2991 cuius
1412 2938 1662 2991 obtusior
1707 2939 1780 2990 sit
1827 2938 1974 2990 acies

149 3058 202 3101 30
230 3052 339 3087 non
386 3034 612 3086 videre?
693 3032 965 3100 Equidem
1020 3031 1225 3083 efferor
1273 3030 1457 3082 studio
1504 3038 1691 3096 patres
1738 3037 1972 3092 vestrOS,

231 3142 367 3193 quos
416 3124 558 3177 colui
607 3132 663 3175 et
712 3122 893 3186 dilexi,
944 3121 1199 3185 videndi;
1250 3137 1428 3189 neque
1476 3136 1607 3172 vero
1654 3136 1749 3172 eos
1797 3119 1973 3171 solum

2215 775 2222 811 ²-

2216 820 2222 840 l

2217 864 2222 876 ι

2207 913 2209 926 ι
