2124 3516
242 225 364 275 xviii
845 227 1379 272 INTRODUCTION

244 362 605 430 praestringa5.¹
665 363 879 411 Arbores
907 362 1060 410 facito
1094 362 1166 409 uti
1198 361 1328 410 bene
1362 358 1602 410 maritae²
1630 361 1728 409 sint
1758 361 1983 424 vitesque

242 451 316 510 uti
339 450 453 497 satis
480 449 662 496 multae
682 447 969 495 adserantur
996 453 1062 503 et,
1083 444 1238 493 sicubi
1264 459 1390 507 opus
1416 445 1523 503 erit,
1540 444 1605 494 de
1630 444 1805 494 arbore
1829 445 1980 495 deici-

241 542 400 590 antur,
427 533 498 580 uti
533 532 581 578 in
616 540 795 579 terram
828 526 1209 592 deprimantur,⁸
1234 536 1284 577 et
1317 528 1520 577 biennio
1556 536 1672 591 post
1707 529 1982 591 praecidite

241 626 447 665 veteres.

313 717 394 761 33.
431 700 641 747 Vineam
678 698 748 745 sic
780 697 932 744 facito
970 696 1042 744 uti
1077 703 1289 744 curetur.
1343 695 1511 744 Vitem
1547 695 1678 745 bene
1713 694 1985 745 nodatam*

240 783 457 845 deligato
495 790 645 840 recte,
678 781 892 829 flexuosa
929 780 1001 828 uti
1037 795 1102 828 ne
1136 780 1212 838 sit,
1240 795 1406 827 susum
1442 794 1638 827 vorsum
1668 795 1864 843 semper
1892 780 1982 829 du-

240 868 357 924 cito,
391 866 526 928 quod
558 866 660 914 eius
690 865 891 928 poteris.
920 900 932 912 .
961 900 972 912 .
1002 900 1013 911 .
1073 863 1238 924 Quam
1266 863 1554 911 altissimam
1585 863 1782 911 vineam
1813 863 1982 923 facito,

240 951 536 1012 alligatoque
580 958 734 1007 recte,
773 948 894 996 dum
937 963 1002 996 ne
1041 947 1249 995 nimium
1288 947 1612 1009 constringas.
1672 948 1789 994 Hoc
1831 946 1983 995 modo

241 1050 350 1083 eam
405 1042 592 1081 curato.
666 1029 882 1095 Capita⁵
929 1032 1102 1080 vitium
1154 1046 1243 1094 per
1294 1030 1556 1079 sementim
1577 1028 1596 1057 ⁶
1645 1026 1983 1092 ablaqueato.'¹

240 1118 449 1165 Vineam
490 1125 713 1179 putatam
753 1114 1119 1174 circumfodit0‚
1156 1130 1295 1163 arare
1333 1114 1556 1177 incipit0‚
1593 1113 1722 1162 ultro
1761 1113 1984 1176 'citroque

242 1201 402 1248 sulcos
439 1209 707 1271 perpetuos
743 1199 932 1248 ducito.

311 1324 327 1352 1
348 1326 597 1377 praecipites
620 1356 631 1367 .
657 1355 668 1366 .
694 1355 705 1366 .
728 1326 1043 1376 praestringas:
1079 1322 1220 1365 ‘bend
1240 1322 1368 1363 down
1390 1352 1400 1363 .
1422 1352 1432 1362 .
1455 1351 1464 1363 .
1485 1318 1738 1373 compress!

310 1394 328 1421 2
347 1398 511 1436 arbores
543 1425 553 1436 .
579 1426 589 1435 .
614 1425 625 1435 .
657 1397 857 1436 maritae:
899 1393 975 1433 the
1010 1393 1133 1433 vines
1166 1405 1279 1433 were
1319 1390 1489 1432 trained
1527 1403 1646 1444 upon
1684 1395 1813 1439 trees,
1843 1388 1983 1431 which

240 1477 352 1505 were
374 1465 479 1505 then
501 1464 597 1504 said
617 1470 664 1504 to
683 1463 739 1504 be
762 1462 993 1504 ‘wedded'
1012 1468 1060 1503 to
1080 1462 1213 1503 them.

310 1534 329 1561 8
348 1535 414 1575 i.e.
437 1541 484 1574 to
506 1534 606 1574 take
629 1539 728 1574 root
749 1533 838 1574 and
857 1538 966 1574 start
986 1546 1083 1574 new
1102 1532 1238 1573 vines.

310 1604 327 1631 ⁴
351 1604 434 1644 See
454 1611 559 1644 note
582 1616 620 1657 9.
1055 1601 1074 1630 ⁸
1097 1601 1227 1642 ‘seed
1247 1600 1380 1641 time.’

311 1673 328 1701 ⁵
351 1673 521 1714 ‘roots.’
1059 1668 1076 1699 ⁷
1096 1677 1106 1696 ‘
1119 1671 1194 1725 dig
1213 1670 1406 1712 around!
