2124 3516
260 277 290 316 2
910 260 1004 307 ΟΝ
1045 260 1179 307 OLD
1215 260 1353 307 AGE
1595 309 1611 315 Δ
1727 261 1998 319 [ΕΑΤ.ΜΑῙ.

257 411 313 454 et
346 401 631 453 iucundam
667 406 1024 451 senectutem.
1089 397 1403 465 Numquam
1436 397 1601 465 igitur
1630 398 1835 450 laudari
1866 398 2000 451 satis

257 493 420 559 digne
462 489 800 558 philosophia
839 488 1055 555 poterit,
1098 487 1185 539 cui
1222 487 1313 555 qui
1353 496 1540 555 pareat
1580 504 1742 540 omne
1781 496 2000 556 tempus

257 582 452 634 aetatis
487 580 602 631 sine
636 578 884 631 molestia
916 577 1088 645 possit
1123 577 1340 644 degere.

335 679 381 724 3.
427 670 537 723 Sed
563 670 632 721 de
665 668 861 721 ceteris
894 676 950 719 et
977 667 1210 719 diximus
1237 667 1423 733 multa,
1454 675 1510 720 et
1538 685 1700 737 saepe
1726 668 2000 723 dicemus:

206 775 228 817 5
258 764 402 815 hunc
430 761 625 813 librum
652 760 720 811 ad
749 767 804 811 te
830 759 899 811 de
921 766 1205 810 senectute
1232 758 1494 811 misimus,
1554 758 1791 811 Omnem
1816 767 2001 812 autem

260 868 566 905 sermonem
611 850 899 903 tribuimus
947 866 1059 902 non
1101 849 1356 914 Tithono,
1402 856 1463 900 ut
1506 848 1699 901 Aristo
1743 849 1904 915 Ceus,
1926 882 2004 890 —

260 961 448 1012 parum
477 942 621 994 enirn
651 949 797 993 esset
823 940 1162 992 auctoritatis
1190 939 1245 991 in
1272 939 1471 1004 fabula,
1491 972 1566 979 —
1584 940 1680 992 sed
1704 940 1781 992 M.
1807 940 2003 994 Catoni

261 1034 393 1098 seni,
439 1050 546 1101 quo
589 1033 846 1085 maiorem
890 1031 1269 1083 auctoritatem
1314 1030 1540 1082 haberet
1582 1030 1770 1083 oratio,
1834 1029 2003 1099 Apud

262 1141 421 1193 quem
455 1124 699 1175 Laelium
732 1131 788 1175 et
825 1122 1135 1190 Scipionem
1169 1121 1399 1173 facimus
1431 1121 1748 1173 admirantis
1782 1121 1924 1189 quod
1958 1121 2004 1173 is

183 1234 233 1262 10
262 1224 374 1266 tam
412 1214 569 1266 facile
607 1221 947 1265 senectutem
984 1213 1141 1276 ferat,
1178 1212 1364 1280 eisque
1400 1228 1525 1263 eum
1563 1211 2003 1279 respondentem.

264 1306 373 1373 Qui
408 1305 453 1356 si
485 1305 747 1356 eruditius
775 1303 1046 1356 videbitur
1077 1303 1353 1370 disputare
1381 1319 1541 1370 quam
1575 1301 1856 1354 consuevit
1890 1301 2006 1370 ipse

263 1396 318 1447 in
355 1395 466 1447 suis
499 1395 663 1459 libris,
702 1393 985 1446 attribuito
1022 1393 1217 1445 litteris
1251 1392 1490 1457 GraeciS,
1527 1410 1752 1461 quarum
1790 1399 2006 1444 constat

263 1503 387 1538 eum
431 1485 832 1553 perstudiosum
876 1485 1047 1537 fuisse
1090 1484 1145 1535 in
1186 1491 1487 1535 senectute.
1551 1483 1661 1537 Sed
1702 1483 1829 1551 quid
1869 1499 2006 1551 opus

264 1586 348 1629 est
396 1576 587 1644 plura?
664 1576 780 1627 Iam
827 1576 971 1627 enim
1020 1575 1188 1643 ipsius
1237 1574 1461 1627 Catonis
1492 1590 1672 1625 sermo
1719 1572 2007 1642 explicabit

187 1680 234 1723 Ῑ5
265 1675 507 1719 nostram
548 1683 765 1718 omnem
805 1666 873 1717 de
915 1673 1198 1717 senectute
1240 1664 1586 1716 sententiam.

342 1766 412 1812 ΙΙ.
453 1764 501 1810 4.
546 1756 759 1809 SCIPIO.
821 1755 998 1825 Saepe
1031 1773 1257 1808 numero
1289 1755 1541 1807 admirari
1575 1755 1723 1807 soleo
1749 1771 1874 1807 cum
1903 1754 2008 1807 hoc

266 1848 329 1901 C.
367 1848 552 1900 Laelio
593 1864 712 1899 cum
754 1856 1056 1899 ceterarum
1097 1864 1278 1898 rerum
1318 1854 1467 1898 tuam
1511 1845 1884 1911 excellentem,
1928 1845 2007 1897 M.

268 1939 422 2003 Cat0,
466 1939 872 2006 perfectamque
921 1938 1259 2006 sapientiam,
1306 1945 1424 1989 tum
1463 1937 1550 1989 vel
1593 1936 1825 1989 maxime
1866 1936 2009 2005 quod

266 2046 558 2097 numquam
577 2029 675 2080 tibi
698 2036 1037 2080 senectutem
1059 2045 1279 2095 gravem
1303 2044 1424 2079 esse
1446 2027 1724 2092 senserim,
1745 2044 1883 2095 quae
1903 2026 2012 2095 ple-

185 2139 236 2167 20
267 2120 445 2188 risque
483 2119 703 2171 senibus
741 2120 817 2171 sic
854 2119 1040 2189 odiosa
1076 2127 1161 2171 est
1199 2127 1259 2171 ut
1297 2136 1434 2171 onus
1473 2135 1531 2171 se
1570 2117 1758 2170 Aetna
1793 2117 2010 2186 gravius

265 2211 447 2262 dicant
477 2210 763 2262 sustinere.

345 2302 523 2354 CATo.
556 2301 695 2353 Rem
735 2302 877 2353 haud
916 2319 1046 2353 sane
1081 2300 1371 2366 difficilem,
1414 2300 1596 2369 Scipio
1627 2308 1684 2352 et
1720 2299 1887 2364 Laeli,
1924 2299 2013 2351 ad-

267 2392 446 2443 mirari
486 2391 757 2443 videmini.
809 2391 1023 2459 Quibus
1056 2392 1201 2443 enim
1239 2392 1372 2443 nihil
1406 2399 1491 2443 est
1528 2391 1584 2443 in
1619 2390 1749 2459 ipsis
1786 2390 1902 2458 opis
1942 2388 2011 2441 ad

267 2482 406 2534 bene
433 2481 698 2550 beateque
726 2482 1032 2546 vivendum,
1063 2482 1141 2534 eis
1169 2482 1346 2534 omnis
1373 2490 1523 2533 aetas
1555 2481 1736 2549 gravis
1763 2488 1880 2545 est;
1920 2479 2012 2548 qui

186 2586 237 2630 25
267 2582 449 2624 autem
471 2573 651 2624 omnia
672 2572 814 2624 bona
839 2590 872 2624 a
899 2590 958 2624 se
986 2573 1087 2640 ipsi
1114 2581 1326 2641 petunt,
1352 2573 1429 2624 eis
1451 2572 1583 2624 nihil
1605 2579 1788 2640 potest
1809 2570 2011 2623 malum

269 2663 436 2714 videri
458 2663 598 2731 quod
623 2671 847 2715 naturae
870 2663 1168 2715 necessitas
1189 2663 1417 2715 adferat.
1480 2662 1606 2730 Quo
1627 2662 1682 2714 in
1703 2677 1905 2730 genere
1925 2667 2012 2712 est

270 2753 323 2804 in
356 2753 541 2821 primis
575 2762 844 2817 senectUS,
886 2771 1046 2822 quam
1080 2762 1140 2806 ut
1174 2754 1542 2822 adipiscantur
1577 2769 1768 2805 omnes
1801 2758 2009 2820 optant,

270 2844 496 2895 eandem
534 2853 791 2896 accusant
828 2845 1044 2912 adepti;
1084 2853 1239 2896 tanta
1278 2852 1363 2896 est
1405 2843 1669 2896 stultitiae
1706 2843 2014 2895 inconstan-

271 2934 345 2986 tia
379 2943 542 3002 atque
579 2935 920 3002 perversitas,
984 2935 1265 3003 Obrepere
1305 2935 1455 2987 aiunt
1496 2951 1613 2987 eam
1655 2933 1813 2986 citius
1850 2948 2011 3001 quam

190 3041 243 3084 30
271 3025 623 3092 putavissent.
699 3025 951 3089 Primum,
1002 3026 1121 3093 quis
1169 3024 1348 3092 coegit
1396 3041 1490 3077 eos
1537 3024 1734 3077 falsum
1781 3021 2012 3091 putare?

273 3114 383 3182 Qui
424 3115 566 3166 enirn
612 3115 771 3166 citius
812 3115 1212 3167 adulescentiae
1256 3123 1511 3167 senectus
1549 3131 1708 3184 quam
1750 3112 2012 3182 pueritiae
