2222 3496
1621 203 1625 207 ”
2211 204 2216 229 l

232 265 299 316 32
882 254 973 298 oN
1015 255 1149 299 OLD
1184 254 1323 299 AGE
1614 302 1632 315 ,β
1702 253 1975 309 [cm-‚Mn
2210 236 2222 322 fi

230 399 291 441 ut
340 391 683 457 superiorum
731 398 975 442 aetatum
1025 389 1208 441 studia
1260 389 1539 454 occidunt,
1589 389 1667 441 sic
1715 389 1976 441 occidunt
2219 376 2222 378 ,

130 507 187 590 R
230 481 398 531 etiam
432 481 751 532 senectutis
810 478 974 547 Quod
1009 496 1134 532 cum
1169 480 1372 544 evenit,
1409 480 1634 531 satietas
1661 480 1809 532 vitae
1843 488 1978 531 tem-

114 557 126 567 ’
158 559 163 598 ¹
231 587 334 636 pus
370 579 646 621 maturum
683 570 873 621 mortis
907 570 1105 621 adfert.

307 664 440 711 XXI.
497 666 571 712 77.
619 660 748 711 Non
788 660 934 711 enim
974 660 1136 712 video
1177 677 1275 713 cur
1314 660 1443 728 quid
1481 661 1599 727 ipse
1639 660 1872 713 sentiam
1909 660 1978 713 de

180 764 202 807 5
233 759 409 801 morte
448 765 558 800 non
595 750 826 801 audeam
865 750 1022 801 vobis
1060 750 1261 814 dicere,
1299 750 1444 818 quod
1483 767 1549 802 eo
1585 767 1810 803 cernere
1848 750 1978 802 mihi

234 840 427 891 melius
462 839 668 903 videor,
706 858 814 907 quo
851 840 920 891 ab
958 856 1023 891 ea
1061 841 1287 907 propius
1326 841 1536 892 absum.
1605 841 1726 908 Ego
1762 849 1979 892 vestros

232 939 437 997 patreS,
481 939 542 981 tu
586 930 790 997 ScipiO,
835 938 1006 998 tuque
1052 930 1223 994 Laeli,
1266 931 1412 982 viros
1454 930 1787 983 clarissimos
1829 931 1981 983 mihi-

237 1037 344 1088 que
398 1018 758 1071 amicissimos
812 1020 995 1071 vivere
1047 1020 1294 1082 arbitror,
1347 1029 1401 1073 et
1457 1004 1585 1073 eam*
1643 1020 1865 1088 quidem
1908 1020 1982 1072 vi-

235 1121 348 1164 tam
391 1128 529 1179 quae
570 1120 657 1163 est
700 1111 816 1163 sola
851 1112 967 1162 vita
1007 1111 1352 1163 nominanda.
1418 1111 1580 1175 Nam,
1620 1111 1750 1163 dum
1792 1127 1982 1163 sumus

154 1227 205 1257 10
235 1203 430 1255 inclusi
486 1202 541 1253 in
595 1202 678 1253 his
732 1202 1092 1270 compagibus
1147 1203 1409 1268 corporiS,
1466 1218 1691 1254 munere
1746 1202 1984 1270 quodam

236 1293 586 1345 necessitatis
645 1301 702 1344 et
761 1293 915 1360 gravi
974 1309 1140 1359 opere
1199 1292 1598 1359 perfungimur.
1681 1292 1785 1344 Est
1838 1292 1984 1344 enim

235 1384 449 1435 animus
513 1384 770 1435 caelestis
849 1400 916 1435 ex
987 1383 1255 1434 altissimo
1325 1383 1601 1435 domicilio
1667 1382 1982 1450 depressuS‚

236 1483 292 1526 et
341 1474 495 1542 quasi
545 1474 829 1525 demersus
883 1474 940 1525 in
987 1482 1208 1537 terram,
1257 1474 1438 1525 locum
1486 1473 1702 1525 divinae
1758 1482 1984 1525 naturae

236 1565 661 1632 aeternitatique
730 1564 1081 1616 contrarium.
1179 1563 1292 1616 Sed
1356 1564 1522 1615 credo
1588 1563 1722 1615 deos
1789 1564 1986 1615 inmor-

157 1677 207 1720 15
238 1656 362 1707 talis
398 1655 666 1722 sparsisse
701 1655 911 1706 animos
945 1655 1002 1706 in
1034 1671 1264 1721 corpora
1297 1655 1550 1719 humana,
1582 1663 1642 1706 ut
1676 1662 1865 1706 essent
1893 1653 1985 1722 qui

238 1755 412 1797 terras
461 1754 767 1810 tuerentur,
819 1746 1021 1813 quique
1076 1744 1400 1797 caelestium
1447 1745 1696 1797 ordinem
1744 1753 1986 1797 contem-

238 1837 454 1903 plantes
498 1837 847 1887 imitarentur
887 1853 1012 1888 eum
1055 1836 1201 1888 vitae
1245 1836 1407 1887 modo
1448 1844 1615 1904 atque
1657 1835 1982 1888 constantia.

240 1928 359 1979 Nec
406 1944 492 1979 me
539 1927 714 1978 solum
761 1928 899 1978 ratio
943 1944 1005 1979 ac
1052 1927 1355 1994 disputatio
1396 1927 1612 1993 impulit
1655 1935 1716 1978 ut
1757 1927 1835 1978 ita
1874 1942 1986 1978 cre-

238 2018 443 2082 derem,
491 2018 587 2069 sed
634 2018 889 2069 nobilitas
939 2018 1105 2069 etiam
1153 2034 1492 2069 summorum
1537 2017 1987 2084 philosophorum

156 2132 208 2160 20
238 2117 294 2160 et
332 2110 647 2160 auctoritas
715 2115 788 2160 78.
835 2108 1150 2160 Audiebam
1189 2108 1557 2178 Pythagoram
1593 2108 1986 2177 Pythagoreos-

239 2217 364 2267 que,
409 2199 614 2251 incolas
659 2216 834 2265 paene
879 2208 1116 2263 nostrOS,
1161 2199 1252 2267 qui
1297 2207 1485 2251 essent
1532 2198 1709 2250 Italici
1753 2198 1986 2265 philoso-

238 2290 330 2356 phi
380 2289 655 2357 quondam
712 2289 994 2354 nominati,
1053 2306 1352 2357 numquam
1405 2289 1690 2341 dubitasse
1740 2288 1872 2356 quin
1918 2304 1985 2341 ex

239 2380 494 2431 universa
554 2388 739 2431 mente
800 2380 985 2431 divina
1039 2379 1308 2449 delibatos
1367 2380 1578 2431 animos
1637 2379 1982 2431 haberemus

241 2470 782 2521 Demonstrabantur
823 2470 953 2521 mihi
996 2478 1283 2537 praeterea
1321 2487 1459 2539 quae
1500 2469 1758 2522 Socrates
1801 2485 1986 2536 supre-

158 2580 208 2624 25
240 2577 329 2611 mo
374 2560 518 2611 vitae
568 2561 655 2612 die
704 2560 772 2612 de
821 2561 1215 2612 inmortalitate
1263 2560 1569 2612 animorum
1613 2560 1984 2624 disseruisset,

239 2652 284 2703 is
331 2651 422 2718 qui
471 2660 621 2703 esset
671 2652 911 2702 omnium
960 2651 1401 2718 sapientissimus
1446 2652 1665 2704 oraculo
1709 2651 1985 2719 Apollinis

239 2741 528 2793 iudicatus
594 2740 743 2809 Quid
788 2742 998 2793 multa?
1062 2741 1152 2794 Sic
1194 2742 1324 2793 mihi
1364 2742 1628 2809 persuasi,
1668 2742 1746 2794 sic
1786 2742 1983 2806 senti0,

239 2848 364 2883 cum
436 2840 589 2883 tanta
659 2832 911 2884 celeritas
981 2833 1285 2885 animorum
1357 2833 1444 2897 sit,
1510 2841 1663 2885 tanta
1724 2832 1986 2885 memoria

241 2922 659 2989 praeteritorum
710 2922 1133 2991 futurorumque
1178 2923 1486 2991 prudentia,
1533 2932 1614 2975 tot
1659 2932 1824 2988 arteS,
1871 2931 1985 2975 tan·
2047 2976 2051 2981 ,

158 3034 210 3076 30
241 3021 329 3064 tae
389 3013 671 3076 scientiae,
728 3021 811 3063 tot
867 3013 1106 3077 inventa,
1163 3030 1271 3065 non
1331 3030 1493 3080 posse
1553 3030 1673 3066 eam
1733 3021 1984 3065 naturam

241 3119 378 3170 quae
410 3119 495 3154 res
530 3118 623 3153 eas
659 3103 939 3154 contineat
974 3120 1097 3155 esse
1134 3104 1453 3168 mortalem;
1497 3121 1733 3172 cumque
1768 3119 1986 3171 semper

157 635 159 642 ι

143 653 227 670 ⁴-
