2222 3496
236 237 402 291 XV.51]
545 236 685 279 THE
725 236 1072 280 DELIGHTS
1114 237 1196 279 OF
1236 237 1659 280 HUSBANDRY
1898 246 1963 284 21

235 369 491 439 pabulum
519 369 666 421 studi
697 377 859 436 atque
886 370 1179 433 doctrinae,
1210 371 1341 421 nihil
1369 378 1453 422 est
1482 370 1654 422 otiosa
1687 377 1971 422 senectute

235 461 535 513 iucundius
590 459 923 510 Videbamus
965 460 1020 510 in
1057 460 1235 511 studio
1271 461 1585 512 dimetiendi
1625 477 1797 527 paene
1838 460 1972 512 caeli

234 558 397 618 atque
443 557 619 601 terrae
669 549 731 601 C.
781 549 992 613 Galum,
1042 549 1356 601 familiarem
1405 550 1572 617 patris
1625 551 1720 615 tui,
1771 550 1969 618 Scipio,

237 640 505 708 Quotiens
545 638 694 690 illum
735 638 827 690 lux
867 647 1032 690 noctu
1072 640 1268 707 aliquid
1304 640 1610 691 describere
1647 641 1967 707 ingressum,

235 730 483 798 quotiens
536 745 644 780 nox
695 729 978 796 oppressit,
1035 745 1156 780 cum
1211 746 1370 780 mane
1423 729 1722 797 coepisset!
1791 730 1970 797 Quam

233 819 538 871 delectabat
585 835 710 870 eum
756 819 1091 870 defectiones
1140 819 1266 870 solis
1313 827 1368 870 et
1415 819 1574 871 lunae
1626 820 1799 871 multo
1844 828 1971 871 ante

234 909 390 961 nobis
423 909 764 977 praedicere!
826 916 904 961 50.
949 909 1094 976 Quid
1128 910 1183 959 in
1216 909 1503 961 levioribus
1538 910 1744 974 studiiS,
1776 910 1870 961 sed
1898 917 1974 961 ta-

235 1017 361 1051 men
388 989 600 1051 acutis?
652 999 831 1066 Quam
860 999 1131 1065 gaudebat
1161 1000 1311 1051 Bello
1339 1017 1436 1051 suo
1464 1001 1672 1051 Punico
1700 1000 1938 1051 Naevius
1961 1001 1971 1052 l

236 1107 397 1157 quam
441 1090 492 1140 T
485 1090 756 1140 mcztlento
791 1089 1042 1141 Plautus!
1085 1106 1244 1156 quam
1280 1091 1592 1142 Pseudolo!
1649 1090 1778 1141 Vidi
1809 1090 1971 1141 etiam

235 1197 423 1231 senem
460 1179 688 1243 Livium,
726 1179 816 1246 qui
848 1195 970 1230 cum
1001 1185 1095 1230 sex
1127 1180 1283 1230 annis
1315 1187 1442 1230 ante
1476 1197 1635 1247 quam
1673 1196 1775 1246 ego
1812 1188 1971 1231 natus

236 1287 355 1321 sum
384 1268 622 1320 fabulam
651 1269 925 1320 docuisset
956 1269 1204 1321 Centone
1231 1270 1610 1337 Tuditanoque
1644 1270 1970 1333 consulibuS,

235 1376 406 1427 usque
434 1360 501 1410 ad
528 1359 950 1410 adulescentiam
980 1376 1156 1410 meam
1185 1360 1449 1426 processit
1482 1367 1679 1412 aetate.
1734 1360 1879 1427 Quid
1906 1360 1973 1410 de

240 1450 295 1501 P.
323 1450 495 1500 Licini
524 1449 708 1501 Crassi
735 1457 790 1500 et
819 1450 1080 1516 pontificii
1107 1457 1162 1500 et
1190 1450 1359 1500 civilis
1387 1450 1515 1500 iuris
1544 1450 1722 1500 studio
1750 1450 1974 1517 loquar?

237 1548 329 1591 aut
356 1540 424 1591 de
457 1539 616 1590 huius
648 1540 703 1591 P.
734 1538 1019 1606 ScipioniS,
1051 1539 1141 1606 qui
1173 1540 1256 1590 his
1290 1540 1474 1606 paucis
1507 1539 1698 1591 diebus
1732 1540 1977 1606 pontifex

236 1630 501 1681 maximus
535 1630 714 1681 factus
747 1631 871 1682 est?
934 1629 1110 1697 Atqui
1146 1646 1238 1680 eos
1276 1630 1450 1681 omnis
1485 1647 1619 1697 quos
1657 1646 1978 1681 commemo-

236 1720 349 1771 ravi
376 1720 459 1770 his
488 1719 680 1771 studiis
713 1719 993 1786 flagrantis
1028 1736 1187 1770 senes
1215 1720 1462 1771 vidimus
1521 1720 1597 1771 M.
1626 1736 1754 1770 vero
1784 1719 1978 1772 Cethe-

237 1827 383 1877 gum,
414 1827 574 1877 quem
602 1817 751 1861 recte
785 1810 1004 1862 Szcadae
1036 1810 1328 1862 medullam
1355 1810 1487 1861 dixit
1518 1810 1748 1874 Ennius,
1775 1817 1978 1877 quanto

239 1898 417 1951 studio
446 1900 684 1951 exerceri
709 1900 765 1950 in
784 1900 1013 1951 dicendo
1033 1899 1348 1950 videbamus
1371 1900 1533 1950 etiam
1557 1916 1742 1951 senem
1766 1902 1775 1952 !
1822 1900 1977 1966 Quae

239 1997 367 2041 sunt
405 1989 570 2057 igitur
605 1990 885 2056 epularum
920 1996 1014 2040 aut
1046 1989 1295 2040 ludorum
1332 1997 1425 2040 aut
1463 1997 1764 2041 scortorum
1798 1990 1980 2056 volup-

239 2087 381 2131 tates
422 2096 546 2131 cum
587 2080 670 2131 his
710 2079 1079 2146 voluptatibus
1121 2080 1550 2146 comparandae?
1616 2079 1804 2147 Atque
1845 2080 1978 2130 haec

241 2171 456 2238 quidem
501 2170 680 2221 studia
720 2170 1031 2234 doctrinae;
1080 2186 1216 2237 quae
1265 2170 1479 2237 quidem
1522 2170 1879 2237 prudentibus
1923 2177 1978 2221 et

240 2260 380 2311 bene
407 2260 671 2311 institutis
699 2260 899 2327 pariter
927 2277 1050 2311 cum
1083 2267 1263 2311 aetate
1295 2268 1564 2324 crescunt,
1595 2267 1655 2311 ut
1688 2260 1978 2311 honestum

241 2350 370 2401 illud
400 2349 615 2401 Solonis
645 2350 730 2414 sit,
761 2350 903 2417 quod
931 2350 1005 2401 ait
1033 2350 1296 2400 versiculo
1325 2350 1572 2417 quodam,
1603 2357 1663 2401 ut
1695 2357 1822 2401 ante
1854 2350 1976 2414 dixi,

241 2457 525 2492 senescere
566 2457 625 2491 se
664 2440 836 2491 multa
876 2440 931 2491 in
965 2440 1080 2491 dies
1121 2440 1524 2504 addiscentem;
1567 2457 1672 2507 qua
1703 2439 1980 2507 voluptate

241 2531 406 2582 animi
441 2530 588 2582 nulla
624 2539 773 2582 certe
809 2538 991 2598 potest
1028 2547 1149 2582 esse
1185 2531 1370 2582 maior.

317 2625 424 2672 XV.
462 2627 541 2672 51.
578 2621 756 2672 Venio
784 2637 929 2672 nunc
956 2621 1023 2672 ad
1050 2621 1357 2687 voluptates
1383 2619 1755 2688 agricolarum,
1787 2618 1980 2686 quibus

244 2727 346 2778 ego
389 2710 773 2762 incredibiliter
814 2711 1088 2776 delector;
1133 2728 1269 2779 quae
1316 2727 1416 2762 nec
1463 2710 1570 2762 ulla
1616 2710 1982 2777 impediuntur

245 2808 543 2865 senectute,
582 2809 637 2852 et
679 2801 810 2852 mihi
849 2802 916 2852 ad
954 2801 1211 2868 sapientis
1247 2801 1413 2852 vitam
1455 2801 1695 2867 proxime
1731 2799 1983 2851 videntur

245 2891 518 2942 accedere.
576 2891 800 2943 Habent
837 2892 980 2943 enim
1017 2892 1280 2943 rationem
1314 2907 1436 2942 cum
1471 2899 1628 2954 terra,
1665 2906 1801 2957 quae
1834 2906 1985 2963 num-

247 2998 407 3048 quam
443 2990 658 3032 recusat
695 2981 993 3048 imperium,
1034 2998 1135 3032 nec
1172 2981 1420 3048 cuiquam
1458 2981 1572 3031 sine
1610 2996 1772 3031 usura
1808 2979 1982 3030 reddit

249 3071 391 3139 quod
427 3071 650 3139 accepit,
691 3072 786 3122 sed
825 3071 956 3123 alias
996 3071 1219 3135 minore,
1262 3071 1578 3138 plerumque
1620 3070 1818 3121 maiore
1859 3086 1980 3120 cum

2007 1204 2056 1233 10

2011 1650 2059 1694 15

2010 2100 2062 2129 20

2012 2546 2062 2591 25

2013 2995 2066 3037 30
