2222 3496
256 280 395 310 xxin.
414 270 487 323 85]
595 269 942 312 PROSPECT
983 270 1068 312 OF
1105 270 1149 311 A
1187 270 1459 311 BETTER
1498 269 1651 311 LIFE
1922 276 1985 330 35

255 404 544 456 convenire
589 420 723 454 aveo
768 420 904 470 quos
949 404 1066 469 ipse
1111 404 1360 470 cognovi,
1407 404 1503 454 sed
1549 404 1668 454 illos
1711 404 1877 455 etiam
1921 404 1989 455 de

256 495 452 562 quibus
493 494 676 544 audivi
716 501 772 544 et
813 494 921 560 legi
963 502 1018 544 et
1061 494 1177 559 ipse
1219 494 1534 559 conscripsi.
1605 493 1732 560 Quo
1770 494 1989 560 quidem

255 601 341 636 me
400 584 841 650 proficiscentem
901 583 1045 633 haud
1101 600 1229 634 sane
1286 584 1405 650 quis
1465 584 1624 634 facile
1685 584 1986 647 retraxerit,

254 690 355 726 nec
397 682 672 740 tamquam
714 673 916 724 Peliam
958 673 1241 724 recoxerit.
1326 674 1400 724 Et
1441 674 1486 723 si
1526 673 1645 740 quis
1684 673 1819 724 deus
1858 674 1988 723 mihi

253 764 516 830 largiatur
568 771 637 823 ut,
683 780 749 814 ex
803 763 903 814 hac
957 771 1139 814 aetate
1194 755 1573 828 repuerascam
1628 770 1684 813 et
1730 762 1786 812 in
1833 763 1987 814 cunis

254 854 484 920 vaggiam,
521 853 677 904 valde
720 870 983 913 recusem,
1028 869 1127 903 nec
1171 869 1300 903 vero
1340 853 1520 915 velim,
1562 852 1714 919 quasi
1757 852 1988 903 decurso

254 945 448 1011 spati0,
495 943 562 993 ad
608 959 857 994 carceres
901 959 933 993 a
979 943 1127 994 calce
1177 942 1435 993 revocari.
1503 948 1579 993 84.
1626 941 1774 1008 Quid
1822 942 1987 993 habet

253 1035 397 1085 enim
440 1034 555 1084 vita
602 1033 914 1084 commodi?
983 1032 1131 1099 Quid
1180 1049 1290 1083 non
1335 1032 1519 1098 potius
1568 1031 1806 1083 laboris?
1876 1032 1986 1083 Sed

252 1125 451 1175 habeat
506 1140 670 1174 sane:
719 1123 886 1174 habet
934 1130 1084 1173 certe
1140 1130 1326 1173 tamen
1378 1130 1472 1172 aut
1527 1122 1840 1172 satietatem
1892 1130 1987 1173 aut

253 1215 490 1265 modum.
569 1214 698 1264 Non
743 1212 877 1264 libet
922 1213 1065 1263 enim
1115 1213 1246 1262 mihi
1288 1212 1570 1278 deplorare
1612 1212 1797 1276 vitam,
1842 1213 1986 1279 quod

252 1304 409 1355 multi
462 1312 519 1355 et
572 1304 622 1354 ei
674 1303 822 1354 docti
877 1318 1042 1368 saepe
1093 1302 1363 1366 fecerunt,
1413 1318 1590 1369 neque
1645 1318 1731 1353 me
1785 1302 1985 1353 vixisse

251 1395 512 1461 paenitet,
563 1394 818 1460 quoniam
867 1393 944 1443 ita
991 1393 1099 1443 vixi
1147 1400 1207 1444 ut
1256 1410 1363 1444 non
1410 1393 1616 1443 frustra
1663 1409 1750 1443 me
1798 1401 1986 1443 natum

251 1485 577 1547 existimem,
627 1491 683 1534 et
736 1500 802 1534 ex
850 1483 965 1533 vita
1018 1483 1095 1533 ita
1148 1482 1372 1533 discedo
1427 1490 1707 1548 tamquam
1754 1498 1820 1533 ex
1867 1482 1987 1533 hos-

251 1575 403 1641 pitio,
439 1591 549 1625 non
582 1582 863 1641 tamquam
897 1590 926 1624 e
961 1573 1139 1623 dom0.
1195 1572 1579 1624 Commorandi
1617 1572 1761 1623 enim
1795 1580 1988 1622 natura

251 1664 623 1716 devorsorium
663 1663 838 1727 nobiS,
879 1680 988 1714 non
1025 1662 1307 1713 habitandi
1345 1662 1513 1713 dedit.

326 1754 378 1807 O
406 1754 745 1821 praeclarum
779 1753 941 1816 diem,
978 1769 1104 1804 cum
1140 1752 1196 1803 in
1233 1751 1364 1802 illud
1402 1751 1647 1802 divinum
1684 1752 1986 1803 animorum

250 1844 540 1896 concilium
577 1851 905 1910 coetumque
943 1842 1275 1909 proficiscar,
1311 1858 1546 1908 cumque
1583 1858 1651 1892 ex
1687 1841 1787 1892 hac
1827 1841 1987 1892 turba

250 1943 306 1986 et
344 1934 667 1986 conluvione
706 1933 1017 1984 discedam!
1090 1932 1412 1983 Proficiscar
1450 1931 1595 1982 enim
1637 1948 1746 1981 non
1786 1931 1854 1981 ad
1892 1948 1985 1982 eos

251 2026 427 2076 solum
462 2025 606 2075 viros
641 2024 708 2074 de
744 2023 941 2090 quibus
978 2030 1104 2073 ante
1139 2022 1266 2085 dixi,
1303 2038 1494 2072 verum
1527 2020 1693 2072 etiam
1727 2021 1794 2071 ad
1826 2021 1986 2072 Cato-

251 2133 376 2167 nem
414 2132 613 2178 meum,
651 2131 758 2181 quo
796 2130 956 2164 nemo
994 2114 1077 2163 vir
1116 2113 1306 2164 melior
1342 2119 1503 2162 natus
1542 2119 1645 2174 est,
1681 2128 1841 2162 nemo
1878 2112 1986 2177 pie-

2022 1226 2072 1255 10

2022 1682 2070 1725 15

2019 2131 2071 2158 20

251 2214 364 2257 tate
398 2205 794 2272 praestantior;
838 2204 995 2254 cuius
1028 2219 1060 2253 a
1093 2219 1178 2254 me
1213 2218 1412 2268 corpus
1450 2209 1535 2252 est
1572 2209 1892 2264 crematum,
1913 2232 1988 2238 —
2020 2224 2025 2229 ·

252 2296 395 2363 quod
438 2304 630 2347 contra
670 2295 855 2346 decuit
897 2294 965 2344 ab
1007 2294 1097 2344 illo
1142 2292 1667 2356 meum,——animus
1708 2308 1838 2342 vero
1877 2308 1987 2341 non

251 2403 338 2437 me
366 2386 642 2449 deserenS,
673 2385 771 2436 sed
806 2392 1142 2450 respectanS,
1173 2383 1229 2434 in
1262 2398 1327 2433 ea
1360 2382 1611 2448 profecto
1640 2381 1759 2433 loca
1786 2381 1986 2432 disces-

250 2477 340 2539 sit,
372 2493 479 2543 quo
512 2475 644 2526 mihi
677 2475 781 2541 ipsi
815 2475 1074 2526 cernebat
1108 2490 1230 2525 esse
1265 2472 1610 2524 veniendum.
1668 2470 1850 2538 Quem
1883 2488 1986 2537 ego

251 2582 432 2617 meum
473 2582 661 2616 casum
702 2565 924 2616 fortiter
963 2564 1107 2616 ferre
1150 2564 1298 2614 visus
1341 2580 1480 2626 sum,
1522 2579 1631 2613 non
1669 2579 1776 2629 quo
1812 2578 1986 2628 aequo

250 2656 431 2706 animo
470 2656 688 2718 ferrem,
730 2655 827 2706 sed
871 2672 957 2706 me
998 2655 1116 2721 ipse
1158 2653 1480 2705 consolabar
1519 2652 1836 2704 existimans
1879 2667 1988 2701 non

250 2745 606 2812 longinquum
647 2746 790 2796 inter
831 2762 930 2796 nos
972 2745 1282 2812 digressum
1323 2751 1380 2795 et
1421 2743 1726 2794 discessum
1765 2741 1900 2792 fore.

327 2842 404 2886 85.
452 2836 557 2886 His
595 2836 726 2886 mihi
760 2836 941 2899 rebuS,
974 2834 1342 2901 Scipio,—id
1373 2833 1518 2884 enim
1553 2841 1608 2884 te
1642 2849 1767 2883 cum
1799 2831 1986 2882 Laelio

250 2925 504 2976 admirari
543 2926 716 2977 solere
754 2925 1203 2988 dixisti,—levis
1241 2932 1328 2975 est
1366 2930 1638 2985 senectus,
1675 2938 1774 2972 nec
1809 2921 1985 2971 solum

252 3031 360 3065 non
399 3015 629 3066 molesta
670 3015 766 3067 sed
804 3016 968 3066 etiam
1006 3014 1258 3065 iucunda.
1328 3012 1493 3079 Quod
1531 3012 1576 3062 si
1614 3012 1668 3062 in
1705 3012 1806 3061 hoc
1845 3026 1982 3072 err0,

252 3105 342 3171 qui
388 3105 596 3156 animos
637 3105 918 3156 hominum
961 3104 1262 3157 inmortalis
1307 3119 1429 3154 esse
1471 3101 1707 3164 credam,
1751 3100 1986 3150 libenter

2020 2580 2071 2624 ²5

2017 3030 2070 3071 30
