2222 3496
281 263 344 296 1x.
364 252 435 308 27]
627 251 767 297 THE
807 249 1176 297 STRENGTH
1217 249 1302 295 oF
1340 249 1472 295 OLD
1515 249 1662 294 MEN
1944 257 2002 296 11

281 390 355 441 Et
387 388 558 440 multa
589 388 822 439 fortasse
857 403 992 453 quae
1024 386 1168 438 volt!
1209 393 1371 453 atque
1404 386 1458 436 in
1492 401 1554 435 ea
1586 400 1722 451 quae
1756 399 1864 434 non
1897 382 2008 434 volt

279 495 440 545 saepe
476 478 636 529 etiam
675 476 1042 527 adulescentia
1077 475 1316 526 incurrit.
1378 475 1517 525 Illud
1549 490 1677 524 vero
1709 473 1850 524 idem
1881 472 2011 524 Cae-

279 569 431 621 cilius
471 567 713 619 vitiosius
735 584 746 618 :

498 712 619 753 Tum
643 710 859 767 equidem
883 710 930 753 1‘n
953 716 1142 753 senecta
1163 709 1253 752 hoc
1277 708 1448 765 deputo
1470 708 1787 761 miserrimum,

499 787 681 830 Sentire
704 801 760 830 ea
783 793 935 829 aetate
958 785 1145 841 eumpse
1169 799 1270 828 esse
1293 785 1506 828 odiosum
1529 784 1674 827 alteri.
2071 791 2093 835 5

280 935 359 981 26.
396 927 700 979 Iucundum
741 926 921 993 potius
960 942 1118 993 quam
1160 925 1437 976 odiosum!
1501 925 1582 975 Ut
1622 923 1766 974 enim
1807 923 2012 974 adules-

279 1017 528 1069 centibus
581 1017 722 1067 bona
774 1016 952 1067 indole
1004 1015 1259 1082 praeditis
1313 1014 1584 1081 sapientes
1638 1030 1796 1064 senes
1841 1013 2014 1064 delec-

279 1116 480 1171 tantur,
528 1107 800 1174 leviorque
853 1106 914 1157 fit
968 1113 1221 1157 senectus
1274 1121 1459 1155 eorum
1508 1104 1597 1171 qui
1648 1120 1680 1155 a
1732 1103 2012 1154 iuventute

280 1197 531 1249 coluntur
571 1204 626 1248 et
662 1196 974 1263 diliguntur,
1014 1196 1090 1246 sic
1126 1195 1501 1246 adulescentes
1539 1210 1729 1244 senum
1766 1209 2015 1260 praecep-

280 1286 351 1338 tis
391 1286 647 1353 gaudent,
684 1285 878 1353 quibus
917 1285 985 1336 ad
1026 1284 1287 1335 virtutum
1329 1283 1507 1334 studia
1543 1283 1832 1334 ducuntur.
1894 1282 2012 1333 Nec
2048 1304 2096 1332 10

280 1377 459 1427 minus
497 1376 752 1442 intellego
788 1391 876 1426 me
908 1374 1060 1425 vobis
1094 1391 1252 1441 quam
1289 1373 1421 1424 mihi
1452 1390 1548 1424 vos
1581 1389 1702 1424 esse
1734 1372 2012 1424 iucundos,

283 1466 393 1518 Sed
424 1466 619 1517 videtis
656 1473 716 1516 ut
754 1466 1007 1516 senectus
1044 1481 1153 1516 non
1189 1464 1349 1515 modo
1384 1463 1637 1530 languida
1671 1471 1834 1530 atque
1871 1463 2014 1513 iners

282 1573 392 1608 non
432 1556 518 1620 sit,
560 1570 748 1607 verum
789 1556 952 1606 etiam
996 1555 1065 1606 sit
1105 1570 1331 1621 operosa
1370 1561 1426 1605 et
1467 1569 1681 1620 semper
1720 1569 1888 1620 agens
1928 1553 2017 1603 ali-

283 1646 408 1714 quid
444 1653 499 1697 et
536 1645 779 1709 molienS‚
815 1645 922 1696 tale
961 1645 1163 1696 scilicet
1201 1643 1356 1712 quale
1393 1643 1651 1711 cuiusque
1688 1643 1925 1694 studium
1960 1642 2015 1693 in

283 1735 557 1803 superiore
593 1735 704 1786 vita
738 1735 859 1787 fuit.
921 1734 1081 1802 Quid,
1122 1734 1211 1801 qui
1251 1734 1414 1785 etiam
1454 1733 1739 1784 addiscunt
1780 1732 2015 1800 aliquid?
2051 1751 2097 1795 15

282 1833 343 1877 ut
380 1833 435 1876 et
474 1824 731 1876 Solonem
767 1824 1013 1876 versibus
1053 1824 1374 1891 gloriantem
1411 1823 1671 1887 videmus,
1711 1823 1802 1890 qui
1840 1839 1898 1874 se
1934 1838 2018 1873 co-

282 1915 411 1966 tidie
446 1915 645 1982 aliquid
681 1915 1050 1965 addiscentem
1086 1914 1215 1965 dicit
1257 1930 1443 1964 senem
1485 1913 1615 1977 fieri,
1655 1921 1711 1964 et
1752 1929 1854 1980 ego
1894 1912 2012 1976 feci,

283 2005 374 2072 qui
406 2004 615 2055 litteras
649 2004 885 2055 Graecas
923 2021 1088 2055 senex
1123 2003 1298 2068 didici,
1332 2020 1464 2070 quas
1498 2003 1712 2070 quidem
1751 2003 1827 2054 sic
1862 2002 2017 2053 avide

280 2092 493 2161 arripui,
538 2094 691 2160 quasi
735 2094 1046 2145 diuturnam
1104 2093 1249 2144 sitim
1297 2092 1511 2159 explere
1559 2093 1797 2160 cupienS,
1847 2100 1907 2143 ut
1954 2108 2018 2143 ea

281 2184 399 2250 ipsa
443 2183 575 2234 mihi
620 2192 751 2235 nota
795 2191 994 2247 essent,
1045 2183 1237 2250 quibus
1290 2200 1377 2234 me
1430 2200 1574 2241 nunc
1627 2183 1885 2250 exemplis
1938 2182 2018 2233 uti
2048 2203 2101 2230 20

282 2274 495 2326 videtis,
556 2273 718 2340 Quod
766 2290 887 2325 cum
942 2273 1137 2324 fecisse
1185 2272 1466 2324 Socratem
1520 2273 1574 2323 in
1627 2272 1823 2324 fidibus
1875 2272 2019 2323 audi-

283 2380 413 2427 rem,
472 2363 667 2414 vellem
729 2363 978 2430 equidem
1041 2363 1203 2414 etiam
1267 2362 1411 2426 illud,
1435 2362 1811 2413 —discebant
1873 2362 2015 2413 enim

284 2453 480 2504 fidibus
519 2452 741 2520 antiqui,
766 2453 953 2504 —sed
995 2453 1050 2503 in
1089 2452 1283 2504 litteris
1325 2460 1472 2504 certe
1513 2452 1795 2503 elaboravi.

362 2548 449 2594 IX.
483 2549 562 2595 27.
594 2543 712 2594 Nec
752 2559 895 2594 nunc
934 2542 1149 2610 quidem
1187 2542 1312 2594 viris
1351 2542 1599 2594 desidero
1637 2542 2014 2606 adulescentiS,

244 2669 248 2673 -
283 2633 420 2684 -is
463 2632 606 2684 enim
650 2640 766 2684 erat
806 2633 955 2684 locus
998 2633 1136 2684 alter
1176 2633 1244 2683 de
1285 2632 1429 2683 vitiis
1477 2632 1788 2696 senectutiS,
1813 2649 2016 2683 —non
2049 2657 2099 2699 25

284 2723 405 2790 plus
443 2740 602 2790 quam
643 2723 961 2774 adulescens
1002 2722 1142 2774 tauri
1181 2730 1273 2774 aut
1314 2722 1589 2789 elephanti
1628 2722 2015 2773 desiderabam.

288 2812 449 2879 Quod
501 2821 602 2876 est,
651 2829 716 2864 eo
768 2813 927 2864 decet
974 2812 1068 2876 uti,
1120 2821 1176 2864 et
1224 2812 1474 2879 quicquid
1527 2829 1656 2879 agas
1708 2829 1869 2879 agere
1920 2828 2017 2879 pro

283 2901 503 2953 viribus,
566 2901 722 2969 Quae
762 2903 905 2953 enim
942 2919 1046 2953 vox
1085 2910 1266 2969 potest
1304 2919 1425 2953 esse
1462 2902 1822 2969 contemptior
1858 2900 2017 2969 quam

287 2990 506 3042 Milonis
557 2991 939 3043 Crotoniatae?
993 2992 1100 3059 qui,
1155 3008 1276 3042 cum
1331 2991 1435 3042 iam
1483 3008 1649 3042 senex
1695 2999 1856 3055 esset,
1906 2991 2020 3042 ath-

274 3079 529 3161 letasque
581 3098 640 3133 se
693 3082 993 3133 exercentis
1046 3081 1102 3132 in
1154 3081 1417 3132 curriculo
1468 3081 1691 3145 videret,
1745 3081 2018 3148 aspexisse
2048 3098 2102 3139 30
