2124 3516
248 630 319 678 M.
365 630 573 678 PORCI
618 627 913 676 CATONIS
962 628 1054 674 DE
1098 627 1263 675 AGRI
1315 625 1640 674 CULTURA

444 726 595 773 SIVE
640 726 732 772 DE
774 726 866 772 RE
906 724 1197 773 RUSTICA
1236 724 1440 770 LIBER

609 893 786 939 PRAISE
823 904 884 939 OF
919 892 1279 938 AGRICULTURE

151 1028 194 1059 1.
233 1012 322 1058 Est
360 1009 607 1058 interdum
646 1006 923 1071 praestare¹
960 1008 1246 1056 mercaturis
1285 1023 1389 1055 rem
1427 1022 1679 1068 quaerere,
1716 1006 1810 1053 nisi

78 1102 179 1142 tam
212 1094 542 1156 periculosum
576 1093 682 1150 siet,
710 1101 759 1140 et
793 1093 912 1140 item
943 1092 1173 1149 fenorari,
1199 1092 1239 1138 si
1272 1099 1373 1138 tam
1407 1091 1670 1138 honestum
1700 1090 1809 1137 siet.

80 1177 293 1225 Maiores
317 1177 471 1224 nostri
496 1177 565 1223 sic
586 1176 862 1223 habuerunt
882 1183 933 1223 et
957 1175 1024 1222 ita
1043 1175 1091 1221 in
1117 1174 1306 1235 legibus
1332 1174 1630 1236 posiverunt,
1650 1173 1810 1221 furem

77 1257 246 1322 dup1i2
277 1259 613 1316 condemnari,
647 1259 978 1306 feneratorem
1014 1257 1290 1319 quadrupli.
1352 1257 1553 1316 Quanto
1590 1257 1810 1318 peiorem

7 1406 10 1408 q
78 1345 237 1392 civem
268 1343 589 1391 existimarint
618 1342 948 1389 feneratorem
980 1356 1127 1402 quam
1157 1341 1331 1398 furem,
1358 1341 1473 1388 hinc
1503 1341 1619 1388 licet
1650 1340 1809 1388 existi-

79 1442 229 1474 mare.
291 1427 355 1473 Et
373 1426 529 1472 virum
554 1422 740 1472 bonum
765 1440 916 1486 quom
941 1424 1209 1472 laudabant
1235 1425 1302 1471 ita
1319 1424 1603 1482 laudabant,
1625 1424 1810 1471 bonum

78 1509 342 1571 agricolam
390 1509 675 1570 bonumque
727 1509 976 1556 colonum.
1047 1508 1361 1570 Amplissime
1411 1506 1599 1554 laudari
1649 1507 1810 1555 existi-

79 1593 319 1651 mabatur,
362 1592 447 1653 qui
495 1593 561 1640 ita
609 1592 914 1640 laudabatur.
977 1592 1308 1639 Mercatorem
1351 1599 1517 1639 autem
1560 1599 1812 1638 strenuum

80 1675 450 1737 studiosumque
485 1676 555 1723 rei
587 1676 899 1737 quaerendae
933 1676 1174 1733 existimo,
1205 1690 1391 1732 verum,
1426 1682 1480 1722 ut
1517 1689 1662 1736 supra
1694 1673 1812 1731 dixi,

81 1759 408 1821 periculosum
435 1767 484 1807 et
508 1756 882 1807 calamitosum.3
933 1761 998 1806 At
1033 1774 1093 1807 ex
1121 1758 1343 1821 agricolis
1370 1766 1420 1805 et
1443 1758 1532 1804 viri
1564 1757 1815 1805 fortissimi

81 1851 131 1890 et
169 1842 348 1890 milites
385 1842 705 1889 strenuissimi
743 1843 1022 1904 gignuntur,
1060 1843 1372 1902 maximeque
1409 1839 1549 1903 pius4
1583 1849 1815 1902 quaestus

65 1925 517 1986 ,stabilissimusque
555 1926 871 1986 consequitur
909 1926 1212 1986 minimeque
1250 1922 1554 1990 invidiosus,⁶
1591 1924 1813 1972 minime-

80 2024 178 2070 que
203 2009 331 2056 male
356 2009 630 2070 cogitantes
655 2017 767 2056 sunt
790 2009 875 2070 qui
901 2009 949 2055 in
976 2023 1036 2056 eo
1060 2007 1223 2056 studio
1249 2008 1478 2070 occupati
1502 2015 1629 2055 sunt.

627 2190 871 2237 CULTURE
908 2203 971 2237 oF
1006 2203 1109 2236 THE
1144 2190 1275 2236 VINE

155 2323 236 2368 32.
274 2307 455 2355 Vineas
488 2307 785 2368 arboresque
820 2316 1009 2355 mature
1042 2307 1152 2355 face
1190 2307 1394 2369 incipias
1431 2315 1620 2369 putare.
1681 2308 1819 2355 Vites

84 2389 356 2453 propages⁶
390 2391 438 2436 in
477 2390 666 2438 sulcos:
713 2406 877 2438 susum
911 2387 1145 2448 vorsum‚⁷
1174 2390 1310 2451 quod
1344 2391 1447 2438 eius
1479 2390 1642 2438 facere
1680 2398 1818 2452 pote-

85 2471 186 2532 ris,⁸
211 2474 320 2521 vitis
350 2474 501 2521 facito
526 2474 597 2521 uti
630 2473 799 2521 ducas.
859 2474 1072 2521 Arbores
1105 2474 1200 2521 hoc
1234 2473 1384 2521 modo
1418 2482 1668 2536 putentur,
1700 2474 1822 2521 rami

84 2557 157 2604 uti
188 2556 534 2614 divaricentur,
564 2572 688 2617 quos
721 2557 982 2618 relinques,
1014 2565 1064 2605 et
1096 2557 1167 2604 uti
1201 2565 1334 2605 recte
1368 2556 1637 2604 caedantur
1672 2565 1721 2604 et
1756 2572 1821 2605 ne

85 2639 292 2686 nimium
311 2639 470 2687 crebri
495 2639 846 2701 relinquantur.
895 2641 1033 2688 Vites
1051 2640 1181 2688 bene
1201 2638 1475 2688 nodentur⁹
1498 2657 1506 2686 :
1542 2656 1629 2702 per
1649 2655 1822 2688 omnes

86 2737 247 2770 ramos
282 2722 544 2784 diligenter
584 2731 757 2771 caveto
795 2739 859 2771 ne
896 2724 1048 2771 vitem
1090 2724 1386 2785 praecipites
1429 2731 1479 2771 et
1515 2739 1579 2771 ne
1615 2724 1821 2770 nimium

155 2830 173 2859 1
192 2837 262 2874 est
275 2836 481 2873 interdum
499 2837 714 2883 praestare
728 2850 767 2868 =
780 2839 841 2873 est
854 2834 966 2872 locus
981 2839 1020 2872 et
1033 2839 1198 2885 tempus
1213 2839 1252 2873 et
1263 2837 1375 2873 ratio
1391 2834 1463 2873 ubi
1467 2839 1657 2885 praestet
1670 2832 1820 2886 (Keil).

155 2900 174 2927 ²
191 2915 288 2954 gen.
311 2902 358 2941 of
378 2902 601 2941 indefinite
623 2903 759 2942 value.
1010 2902 1028 2929 ⁵
1049 2908 1059 2926 ‘
1073 2903 1200 2942 liable
1222 2910 1269 2942 to
1291 2904 1429 2943 excite
1451 2904 1590 2957 envy.'

154 2970 173 2997 ⁸
194 2978 204 2994 ‘
218 2971 412 3023 exposed
433 2978 479 3010 to
499 2971 709 3011 disaster.'
1009 2971 1027 2998 ⁶
1047 2973 1159 3011 from
1172 2979 1424 3025 propagare.

155 3038 174 3066 4
194 3046 204 3064 ⁴
217 3039 482 3080 honorable.'
1009 3039 1026 3067 ⁷
1046 3054 1193 3082 susum
1213 3055 1404 3084 vorsum:
1436 3047 1445 3065 ‘
1458 3030 1663 3094 upward!

155 3108 172 3136 ⁸
194 3113 302 3160 quod
321 3113 411 3151 eius
431 3111 566 3152 facere
587 3114 764 3162 poteris:
797 3116 807 3134 ⁴
821 3124 871 3151 so
891 3111 958 3150 far
977 3123 1024 3150 as
1045 3124 1130 3165 you
1152 3111 1259 3151 can.'
1431 3110 1449 3137 ⁹
1458 3116 1683 3163 gemme-nt.

911 3194 998 3220 xvn
