2222 3496
276 274 336 324 18
923 278 1016 322 ΟΝ
1057 278 1191 322 OLD
1226 279 1365 323 AGE
1603 296 1628 313 z
1738 279 1873 334 [CAT.
1896 278 2011 319 ΜΑι.

267 412 616 480 praestringit
659 411 863 477 ocuIOS,
904 428 1005 463 nec
1046 412 1211 464 habet
1252 412 1419 465 ullum
1463 430 1586 465 cum
1626 413 1829 465 virtute
1871 429 2014 464 com-

267 503 544 553 mercium.
614 502 825 553 Invitus
872 501 978 553 feci
1023 509 1084 553 ut
1131 502 1412 554 fortissimi
1458 503 1557 554 viri
1604 504 1671 555 T.
1721 501 2012 554 Flaminini

266 591 491 643 fratrem
529 592 591 643 L.
636 592 999 643 Flamininum
1037 608 1067 643 e
1105 601 1298 644 senatu
1335 593 1566 644 eicerem
1605 601 1817 660 septem
1854 592 2011 644 annis

265 690 390 750 post
413 699 572 749 quam
601 681 792 734 consul
819 682 1032 747 fuisset,
1056 683 1151 734 sed
1179 683 1474 734 notandam
1501 683 1687 751 putavi
1714 682 2010 735 libidinem.

213 784 235 829 5
268 772 366 824 Ille
394 772 556 837 enim,
578 788 703 824 cum
731 780 877 824 esset
899 773 1105 838 consul,
1130 773 1185 824 in
1208 773 1383 825 Gallia
1402 781 1656 825 exoratus
1683 773 1740 825 in
1766 773 2012 825 convivio

264 880 297 915 a
328 871 509 915 scorto
545 871 630 915 est
669 871 729 915 ut
766 863 942 915 securi
977 864 1165 916 feriret
1202 864 1435 932 aliquem
1472 880 1659 916 eorum
1693 864 1783 932 qui
1816 863 1871 915 in
1902 863 2015 915 vin-

265 954 400 1006 culis
441 961 627 1006 essent
664 954 907 1006 damnati
946 954 1023 1006 rei
1063 954 1324 1022 capitalis,
1395 954 1505 1006 Hic
1542 954 1672 1006 Tito
1706 953 1876 1006 fratre
1913 970 2012 1006 suo

266 1061 506 1109 censore,
537 1045 627 1113 qui
661 1045 936 1113 proximus
968 1053 1096 1097 ante
1129 1061 1217 1097 me
1249 1045 1445 1110 fuerat,
1475 1044 1692 1113 elapsus
1725 1052 1844 1110 est3
1881 1044 2014 1097 mihi

265 1152 394 1188 vero
421 1144 476 1187 et
509 1136 703 1187 Flacco
731 1136 1047 1204 neutiquam
1074 1136 1290 1204 probari
1316 1135 1494 1204 potuit
1521 1143 1633 1187 tam
1663 1134 1931 1203 flagitiosa
1957 1142 2012 1186 et
2083 1173 2086 1175 >
2179 1143 2183 1146 ’

187 1246 236 1275 ιο
266 1234 378 1278 tam
406 1227 617 1294 perdita
642 1226 823 1292 libido,
854 1243 992 1295 quae
1024 1242 1149 1278 cum
1182 1225 1382 1294 probro
1414 1226 1625 1295 privato
1658 1225 2013 1293 coniungeret

267 1317 457 1385 imperi
483 1318 737 1369 dedecus,

341 1410 488 1459 XIII.
529 1413 611 1460 43.
655 1407 833 1476 Saepe
861 1408 1042 1460 audivi
1068 1424 1135 1460 ex
1162 1407 1455 1460 maioribus
1482 1415 1633 1473 natu,
1655 1407 1746 1476 qui
1768 1423 1827 1459 se
1854 1422 2015 1475 porro

266 1515 464 1567 pueros
495 1515 528 1550 a
560 1498 781 1550 senibus
813 1499 1029 1550 audisse
1061 1498 1331 1563 dicebant,
1361 1498 1541 1550 mirari
1574 1497 1794 1550 solitum
1825 1497 1887 1550 C.
1918 1498 2017 1548 Fa-

267 1589 509 1654 bricium,
546 1590 704 1657 quod,
742 1605 865 1641 cum
902 1589 1044 1657 apud
1078 1606 1263 1657 regem
1299 1589 1565 1660 Pyrrhum
1598 1589 1812 1656 legatus
1848 1595 2012 1652 esset,

189 1697 239 1740 15
266 1680 506 1731 audisset
539 1697 572 1731 a
602 1679 870 1732 Thessalo
899 1680 1070 1732 Cinea
1101 1697 1223 1731 esse
1257 1679 1526 1748 quendam
1555 1678 1798 1731 Athenis
1831 1678 1923 1747 qui
1955 1694 2015 1730 se

268 1770 569 1838 sapientem
606 1770 969 1839 profiteretur,
1005 1787 1238 1839 eumque
1275 1770 1454 1821 dicere
1491 1770 1671 1821 omnia
1704 1785 1841 1838 quae
1877 1769 2029 1831 face-‚

268 1878 450 1913 remus
483 1862 549 1913 ad
582 1862 919 1930 voluptatem
957 1878 1079 1914 esse
1115 1861 1416 1913 referenda.
1480 1860 1643 1929 Quod
1676 1877 1743 1912 ex
1775 1877 1842 1913 eo
1872 1859 2018 1912 audi-

268 1952 411 2003 entis
450 1952 545 2005 M’.
587 1952 811 2005 Curium
849 1961 904 2004 et
941 1953 1025 2005 Ti.
1066 1952 1467 2005 Coruncanium
1504 1959 1693 2020 optare
1730 1951 1918 2004 solitos
1954 1958 2016 2003 ut

269 2043 321 2094 id
351 2041 689 2095 Samnitibus
722 2043 931 2111 ipsique
963 2043 1169 2114 Pyrrho
1202 2043 1636 2111 persuaderetur,
1667 2059 1773 2111 quo
1805 2041 2016 2095 facilius

189 2157 240 2186 20
270 2133 412 2184 vinci
453 2141 695 2200 possent,
741 2150 864 2186 cum
909 2150 968 2186 se
1010 2133 1381 2202 voluptatibus
1424 2133 1722 2186 dedissent.
1791 2133 2017 2185 Vixerat
2108 2136 2115 2146 ⁶

273 2224 369 2277 M’.
414 2223 610 2276 Curius
657 2241 782 2276 cum
829 2225 885 2277 P.
932 2225 1120 2290 Deci0,
1166 2224 1258 2293 qui
1304 2224 1672 2292 quinquennio
1716 2232 1846 2276 ante
1891 2239 2016 2276 eum

271 2314 549 2365 consulem
587 2331 646 2366 se
678 2331 777 2383 pro
812 2307 871 2366 r'e
908 2314 1124 2383 publica
1155 2322 1348 2383 quarto
1385 2314 1671 2366 consulatu
1707 2314 2016 2366 devoverat.

272 2404 447 2455 Norat
481 2405 713 2456 eundem
748 2405 1042 2470 Fabricius,
1073 2413 1230 2457 norat
1260 2404 1650 2469 CoruncaniuS,
1682 2404 1771 2473 qui
1800 2420 1923 2456 cum
1951 2420 2018 2456 ex

272 2511 370 2546 sua
404 2495 530 2559 vita,
570 2503 686 2546 tum
725 2512 792 2547 ex
829 2495 944 2547 eius
982 2512 1144 2563 quem
1180 2495 1302 2547 dico
1340 2495 1481 2547 Deci
1520 2495 1669 2547 facto
1710 2493 2018 2547 iudicabant

190 2607 242 2650 25
273 2602 393 2637 esse
421 2585 668 2653 profecto
696 2585 895 2654 aliquid
924 2594 1118 2637 natura
1149 2585 1434 2653 pulchrum
1468 2593 1632 2653 atque
1665 2584 2016 2653 praeclarum,

273 2675 414 2743 quod
444 2692 542 2727 sua
569 2684 764 2743 sponte
797 2683 1092 2744 peteretur,
1121 2675 1372 2744 quodque
1405 2683 1590 2743 spreta
1622 2682 1678 2727 et
1705 2682 2022 2743 contempta

272 2765 551 2833 voluptate
572 2766 811 2834 optimus
840 2766 1067 2834 quisque
1096 2774 1431 2834 sequeretur.

349 2863 432 2910 44.
474 2857 724 2924 Quorsus
752 2857 917 2925 igitur
944 2865 1056 2909 tam
1085 2857 1257 2909 multa
1283 2857 1351 2909 de
1372 2857 1652 2925 voluptate
1674 2857 1692 2909 ?
1740 2855 1884 2924 Quia
1911 2872 2021 2908 non

274 2948 436 3000 modo
463 2948 789 3015 vituperatio
817 2947 978 3013 nulla,
1010 2948 1105 3000 sed
1134 2948 1296 3000 etiarn
1333 2947 1688 3000 summa-laus
1722 2946 2022 2999 senectutis

195 3060 247 3103 30
276 3047 377 3102 est,
420 3039 561 3106 quod
605 3055 670 3090 ea
712 3039 1020 3106 voluptates
1064 3038 1239 3090 nullas
1283 3055 1483 3106 magno
1526 3054 1689 3105 opere
1731 3037 2020 3089 desiderat.

277 3129 441 3181 Caret
469 3128 642 3196 epulis
670 3129 1069 3197 exstructisque
1091 3128 1296 3180 mensis
1318 3136 1373 3180 et
1396 3127 1775 3196 frequentibus
1796 3126 2022 3195 poculis,
