2124 3516
265 292 302 341 4
921 281 1013 324 ON
1055 281 1189 325 oLD
1225 281 1364 325 AGE
1593 245 1631 311 s
1736 281 2009 337 [cm-,im

266 416 409 484 quod
438 422 827 484 spernerentur
852 414 922 466 ab
948 414 1027 466 eis
1054 431 1087 466 a
1113 414 1308 484 quibus
1336 422 1522 468 essent
1550 415 1654 468 coli
1681 415 1840 468 soliti.
1900 415 2011 484 Qui

267 507 397 558 mihi
425 522 534 557 non
564 506 615 556 id
643 505 967 556 videbantur
997 521 1252 557 accusare
1280 506 1422 573 quod
1450 513 1597 557 esset
1626 506 2009 558 accusandum.

269 596 412 647 Nam
454 595 499 646 si
539 595 591 646 id
633 595 791 662 culpa
833 595 1133 647 senectutis
1176 595 1461 660 accideret,
1504 596 1691 647 eadem
1737 596 1868 648 mihi
1908 613 2012 648 usu

267 686 514 738 venirent
562 685 889 753 reliquisque
936 684 1187 737 omnibus
1240 685 1531 737 maioribus
1584 694 1731 751 natu,
1781 703 2011 755 quorum

216 789 237 833 5
268 793 371 844 ego
407 775 701 827 multorum
740 775 970 842 cognovi
1008 782 1350 828 senectutem
1387 776 1504 827 sine
1537 776 1789 844 querella,
1825 777 1916 845 qui
1953 793 2012 829 se

267 875 323 918 et
363 866 646 917 libidinum
687 865 914 917 vinculis
955 865 1163 917 laxatos
1197 882 1326 918 esse
1366 882 1476 918 non
1515 866 1747 919 moleste
1786 866 2009 932 ferrent,

267 973 368 1007 nec
401 973 432 1007 a
465 956 577 1007 suis
608 956 1035 1023 despicerentur.
1100 956 1209 1009 Sed
1242 957 1483 1008 omnium
1522 956 1678 1009 istius
1710 957 1857 1009 modi
1889 974 2015 1026 que-

267 1047 518 1098 rellarum
553 1046 608 1098 in
641 1046 882 1098 moribus
915 1055 1001 1098 est
1038 1047 1210 1115 culpa,
1245 1064 1355 1099 non
1392 1047 1448 1099 in
1483 1055 1680 1100 aetate.
1742 1047 2014 1100 Moderati

267 1138 411 1188 enim
459 1146 515 1189 et
563 1153 663 1189 nec
709 1137 957 1189 difficiles
1001 1154 1102 1191 nec
1148 1138 1429 1190 inhumani
1473 1155 1633 1190 senes
1676 1138 2011 1191 tolerabilem

188 1246 237 1275 10
268 1235 609 1279 senectutem
649 1235 855 1295 agunt;
903 1228 1285 1296 importunitas
1325 1235 1508 1280 autem
1549 1236 1605 1280 et
1646 1229 2012 1282 inhumanitas

266 1319 414 1369 omni
452 1318 619 1369 aetati
658 1318 890 1370 molesta
928 1326 1031 1371 est.

343 1416 390 1460 8.
436 1408 715 1460 LAELIUS.
780 1408 883 1460 Est
920 1408 982 1461 ut
1017 1409 1168 1474 dicis,
1205 1409 1378 1475 Cato;
1420 1410 1516 1462 sed
1552 1410 1786 1462 fortasse
1817 1410 2013 1462 dixerit

267 1499 532 1567 quispiam
566 1499 665 1550 tibi
697 1507 920 1567 propter
953 1516 1084 1567 opes
1118 1507 1174 1551 et
1208 1501 1389 1568 copias
1422 1508 1478 1552 et
1510 1500 1832 1568 dignitatem
1861 1508 2011 1553 tuam

267 1589 682 1641 tolerabiliorem
736 1597 1078 1641 senectutem
1124 1590 1308 1655 videri,
1358 1590 1411 1642 id
1463 1598 1647 1643 autem
1694 1607 1805 1643 non
1850 1607 2013 1659 posse

188 1696 204 1724 ι
215 1695 237 1739 5
268 1680 453 1731 multis
494 1680 827 1747 contingere.

347 1769 525 1821 CATO.
600 1770 704 1822 Est
745 1770 889 1822 istud
933 1771 1165 1839 quidem,
1212 1771 1378 1836 Laeli,
1421 1771 1637 1840 aliquid,
1681 1772 1777 1824 sed
1818 1789 2016 1841 nequa-

267 1877 428 1927 quam
462 1860 516 1911 in
550 1860 656 1911 isto
690 1869 818 1911 sunt
852 1861 1048 1912 omnia.
1112 1861 1193 1913 Ut
1227 1861 1627 1914 Themistocles
1664 1862 1839 1914 fertur
1873 1862 2015 1915 Seri-

266 1950 395 2017 phio
427 1950 638 2001 cuidam
674 1950 729 2001 in
763 1951 936 2018 iurgio
969 1951 1330 2018 respondisse,
1365 1968 1489 2004 cum
1524 1953 1612 2004 ille
1643 1953 1869 2005 dixisset
1902 1971 2013 2006 non

267 2057 390 2091 eum
420 2041 517 2091 sua
545 2040 640 2092 sed
669 2041 874 2108 patriae
901 2041 1072 2109 gloria
1101 2042 1444 2109 splendorem
1472 2043 1791 2095 adsecutum
1814 2061 1826 2097 z
1870 2043 2012 2096 ‘Nec

186 2150 238 2178 20
271 2131 569 2200 (hercule),'
619 2131 794 2199 inquit
845 2132 918 2183 ‘si
965 2149 1068 2200 ego
1117 2131 1401 2200 Seriphius
1448 2150 1643 2199 essem,
1692 2150 1794 2186 nec
1840 2142 1919 2200 tu,
1967 2134 2014 2187 si

268 2220 642 2286 AtheniensiS,
667 2221 843 2273 clarus
871 2239 1127 2290 umquam
1156 2222 1390 2275 fuisseS.’
1442 2223 1603 2292 Quod
1632 2224 1823 2276 eodem
1850 2225 2013 2277 modo

265 2311 334 2362 de
382 2320 667 2363 senectute
712 2312 818 2363 dici
865 2321 1065 2380 potest.
1129 2313 1248 2365 Nec
1295 2314 1439 2366 enim
1483 2314 1539 2366 in
1582 2332 1794 2367 summa
1834 2315 2051 2384 inopia‘

267 2401 400 2452 levis
437 2418 559 2453 esse
597 2411 851 2455 senectus
889 2411 1071 2470 potest
1110 2420 1179 2455 ne
1216 2404 1447 2472 sapienti
1484 2405 1717 2473 quidem,
1753 2422 1853 2458 nec
1891 2405 2015 2458 insi-

267 2475 437 2558 pienti
477 2492 639 2543 etiam
678 2493 732 2543 in
771 2510 982 2544 summa
1018 2494 1172 2561 copia
1207 2511 1317 2546 non
1353 2495 1550 2562 gravis,
1617 2502 1665 2547 9.
1707 2495 2014 2564 Aptissima

186 2602 237 2646 ²5
267 2581 487 2633 omnino
541 2590 686 2646 sunt,
743 2582 925 2650 Scipio
978 2591 1034 2635 et
1091 2584 1257 2649 Laeli,
1311 2602 1462 2637 arma
1514 2586 1813 2638 senectutis
1865 2595 2012 2639 artes

266 2672 789 2740 exercitationesque
829 2674 1109 2739 virtutum,
1146 2691 1282 2743 quae
1321 2675 1375 2727 in
1411 2676 1559 2728 omni
1595 2684 1774 2729 aetate
1815 2677 2009 2743 cultae,

266 2777 389 2812 cum
430 2761 522 2813 diu
563 2762 903 2830 multumque
939 2764 1150 2828 vixeriS‚
1194 2765 1449 2817 mirificos
1490 2766 1739 2818 ecferunt
1779 2766 2008 2832 fructuS‚

267 2867 375 2902 non
410 2851 582 2903 solum
618 2853 742 2920 quia
774 2870 1067 2922 numquam
1101 2855 1377 2920 deserunt,
1414 2865 1760 2928 ne'extremo
1793 2858 2008 2926 quidem

266 2949 511 3009 tempore
547 2943 1193 3012 aetatiS‚—quamquam
1232 2945 1283 2997 id
1322 2946 1539 3014 quidem
1576 2948 1868 3000 maximum
1906 2955 2007 3013 est,

185 3052 239 3095 30
267 3048 544 3083 —verum
580 3033 740 3084 etiam
776 3034 899 3101 quia
932 3035 1263 3087 conscientia
1290 3036 1430 3088 bene
1462 3046 1615 3089 actae
1642 3038 1786 3090 vitae
1818 3038 2011 3090 multo-

266 3138 493 3191 rumque
526 3122 665 3175 bene
699 3123 965 3176 factorum
1000 3126 1302 3179 recordatio
1335 3126 1721 3180 iucundissima
1752 3137 1853 3181 est.
1900 3127 1907 3133 '
