2222 3496
248 287 311 317 v1.
334 275 402 329 16]
609 273 676 315 IT
716 272 968 315 UNFITS
1013 272 1142 313 FOR
1178 271 1431 313 ACTIVE
1472 269 1623 311 LIFE
1949 274 1981 328 7

248 408 390 476 Equi
422 407 579 459 fortis
612 414 666 457 et
699 405 918 456 victoris
956 405 1225 479 senectuti
1259 410 1534 470 comparat
1570 419 1739 453 suam.
1803 401 1981 468 Quem

248 498 463 566 quidem
504 495 671 563 probe
711 495 1022 546 meminisse
1063 494 1310 561 potestis,
1372 493 1541 543 Anno
1583 492 1726 542 enim
1768 490 1985 542 undevi-

249 587 448 639 cesimo
484 593 608 653 post
646 585 760 635 eius
796 592 1027 635 mortem
1065 584 1121 634 hi
1161 583 1411 634 consules
1448 582 1514 633 T.
1556 582 1890 632 Flamininus
1926 588 1983 631 et

250 679 346 729 M’.
385 676 596 728 Acilius
636 675 768 726 facti
809 683 951 738 sunt,
991 675 1078 725 ille
1116 683 1298 725 autem
1337 673 1609 740 Caepione
1647 680 1702 723 et
1740 671 1984 738 Philippo

249 768 445 819 iterum
498 765 809 817 consulibus
868 772 1113 815 mortuus
1161 772 1261 827 est,
1311 780 1433 814 cum
1487 779 1589 829 ego
1642 762 1877 829 quinque
1929 769 1984 812 et
2044 770 2066 813 5

250 857 531 923 sexaginta
570 872 740 906 annos
782 863 941 906 natus
978 854 1153 921 legem
1191 854 1490 904 Voconiam
1531 869 1727 918 magna
1762 868 1893 902 voce
1930 858 1985 902 et

250 946 405 998 bonis
438 945 697 997 lateribus
735 945 1042 995 suasissem.
1105 943 1301 994 Annos
1339 942 1685 1010 septuaginta
1716 949 1891 1004 natUS,
1911 971 1987 979 -—

251 1045 333 1088 tot
374 1036 516 1087 enim
557 1035 688 1086 vixit
728 1034 954 1098 EnniUS,
977 1034 1149 1084 —ita
1189 1033 1398 1084 ferebat
1437 1033 1545 1083 duo
1582 1048 1718 1099 quae
1758 1030 1987 1082 maxima

251 1134 513 1193 putantur
541 1141 719 1188 onera,
750 1132 1126 1191 paupertatem
1154 1131 1208 1174 et
1238 1129 1592 1185 senectutem,
1624 1129 1682 1172 ut
1712 1122 1788 1172 eis
1816 1137 1987 1187 paene

250 1215 507 1267 delectari
534 1215 822 1265 videretur.
2021 1227 2071 1255 10

332 1312 405 1357 15.
439 1304 677 1366 Etenim,
719 1320 840 1354 cum
883 1303 1213 1370 complector
1252 1303 1446 1366 animO,
1486 1309 1742 1370 quattuor
1781 1300 1988 1367 reperio

251 1411 441 1446 causas
470 1410 565 1445 cur
599 1401 852 1444 senectus
886 1393 1081 1443 misera
1106 1393 1382 1444 videatur:
1422 1409 1598 1455 unam,
1630 1390 1772 1458 quod
1800 1397 1988 1441 avocet

251 1502 283 1536 a
311 1478 475 1535 'rebus
509 1483 796 1550 gerendis;
832 1482 1072 1546 alteram,
1104 1482 1246 1549 quod
1274 1498 1468 1549 corpus
1501 1481 1663 1532 faciat
1692 1480 1987 1543 infirmius3

252 1574 485 1638 tertiam,
508 1573 650 1640 quod
671 1572 845 1640 privet
873 1571 1123 1623 omnibus
1150 1572 1265 1622 fere
1294 1570 1658 1638 voluptatibus
1681 1589 1692 1634 ;
1726 1577 1987 1638 quartam,

253 1664 395 1731 quod
423 1662 566 1714 haud
594 1662 780 1730 procul
807 1661 948 1713 absit
975 1678 1007 1712 a
1033 1668 1223 1712 morte.
1281 1662 1498 1724 Earum,
1524 1661 1568 1711 si
1595 1661 1787 1727 placet,
1812 1675 1991 1711 causa·
2024 1680 2072 1723 15

252 1770 372 1805 rum
400 1761 602 1821 quanta
628 1750 896 1819 quamque
925 1751 994 1802 sit
1023 1751 1163 1802 iusta
1190 1768 1298 1802 una
1324 1767 1566 1818 quaeque
1593 1750 1887 1801 videamus,

327 1848 415 1894 VI.
449 1842 528 1893 ‘A
569 1842 732 1893 rebus
775 1841 1026 1908 gerendis
1070 1849 1323 1892 senectus
1366 1840 1668 1891 abstrahit.'
1738 1839 1990 1906 Quibus?

254 1933 349 1984 An
392 1933 468 1984 eis
513 1949 649 2000 quae
692 1932 974 1998 iuventute
1017 1939 1280 1998 geruntur
1324 1939 1378 1981 et
1421 1930 1663 1982 viribus?
1724 1929 1990 1980 Nullaene

252 2023 416 2090 igitur
443 2039 531 2073 res
559 2030 687 2073 sunt
715 2021 912 2072 seniles
941 2037 1077 2088 quae
1104 2021 1190 2071 vel
1218 2020 1444 2071 infirmis
1473 2020 1784 2086 corporibus
1812 2019 1990 2069 animo

253 2120 437 2164 tamen
469 2111 955 2163 administrentur?
1012 2110 1163 2160 Nihil
1190 2126 1320 2176 ergo
1353 2109 1548 2176 agebat
1579 2109 1646 2175 Q.
1683 2108 1990 2160 Maximus?
2023 2131 2076 2159 20

255 2202 406 2253 Nihil
446 2201 509 2253 L.
546 2201 758 2265 Paulus,
795 2208 949 2268 pater
985 2208 1129 2263 tuuS,
1170 2216 1322 2250 socer
1357 2199 1547 2266 optimi
1582 2199 1695 2262 viri,
1736 2198 1811 2249 fili
1846 2198 1990 2250 mei?

255 2292 438 2343 Ceteri
471 2307 646 2355 seneS‚
681 2290 925 2354 Fabricii,
958 2290 1124 2353 Curii,
1157 2289 1496 2353 Coruncanii,
1528 2305 1649 2339 cum
1677 2305 1791 2339 rem
1825 2288 1994 2354 publi-

254 2397 372 2432 cam
409 2380 631 2432 consilio
672 2388 727 2431 et
768 2380 1091 2431 auctoritate
1128 2378 1510 2442 defendebant,
1550 2378 1682 2428 nihil
1717 2377 1991 2444 agebant?

259 2477 334 2522 16.
365 2469 457 2521 Ad
485 2470 635 2537 Appi
664 2470 856 2522 Claudi
892 2477 1231 2520 senectutem
1264 2468 1555 2519 accedebat
1589 2468 1752 2518 etiarn
1786 2474 1846 2518 ut
1879 2483 1991 2517 cae-

255 2576 351 2611 cus
378 2568 559 2624 esset;
599 2568 783 2611 tamen
812 2560 872 2623 is,
904 2576 1026 2610 cum
1057 2559 1328 2610 sententia
1360 2566 1581 2609 senatus
1616 2558 1896 2608 inclinaret
1924 2557 1991 2607 ad
2024 2575 2074 2620 25

255 2665 443 2715 pacem
478 2666 601 2701 cum
639 2650 842 2719 Pyrrho
881 2649 1181 2716 foedusque
1217 2649 1540 2712 faciendum,
1580 2664 1690 2699 non
1726 2646 1993 2698 dubitavit

255 2738 434 2790 dicere
471 2739 560 2790 illa
597 2756 733 2806 quae
770 2739 1015 2790 versibus
1054 2747 1372 2806 persecutus
1410 2745 1495 2789 est
1534 2737 1777 2789 Ennius:

534 2841 639 2896 Quo
661 2840 797 2884 vobis
820 2848 1012 2895 mentes,
1037 2848 1191 2884 rectae
1217 2855 1335 2898 quae
1359 2847 1481 2884 stare
1505 2838 1719 2883 solebant

531 2916 760 2970 Antehac,
784 2917 1022 2961 dementes
1046 2931 1146 2961 sese
1170 2916 1336 2960 flexere
1358 2916 1484 2960 viai?

256 3014 543 3075 ceteraque
589 3008 938 3075 gravissime;
986 3017 1176 3060 notum
1223 3009 1367 3060 enim
1413 3007 1565 3059 vobis
1613 3024 1831 3059 carmen
1873 3014 1990 3070 est;
2021 3033 2074 3074 30

257 3105 312 3148 et
359 3105 543 3149 tamen
588 3097 755 3165 ipsius
803 3097 952 3166 Appi
999 3105 1176 3150 exstat
1229 3098 1415 3150 oratio.
1489 3097 1677 3165 Atque
1723 3097 1856 3147 haec
1902 3096 1992 3146 ille
