2124 3516
226 266 377 320 1V.12]
434 266 679 309 FABIUS
721 266 1070 320 MAXIMUS;
1113 267 1344 309 GREEK
1381 254 1747 309 WO'RTHIES
1925 273 1948 326 5

302 409 388 455 IV.
418 410 493 455 10.
537 401 659 478 Ego
694 400 960 466 Quintum
992 399 1307 462 Maximum,
1357 415 1480 450 eum
1525 399 1615 466 qui
1656 399 1956 450 Tarentum

223 490 444 557 recepit,
475 507 662 541 senem
694 489 1017 541 adulescens
1053 489 1128 541 ita
1160 488 1321 540 dilexi
1363 497 1423 540 ut
1464 489 1758 556 aequalem.
1823 490 1956 540 Erat

223 581 366 633 enirn
400 581 455 631 in
488 579 577 630 illo
604 579 718 630 viro
750 579 1004 630 comitate
1037 579 1254 630 condita
1284 580 1534 646 gravitaS,
1570 595 1669 630 nec
1704 587 1956 630 senectus
1983 572 1986 574 ³

224 687 401 722 mores
438 676 773 733 mutaverat;
806 685 1129 736 quamquam
1167 685 1290 719 eum
1327 669 1503 720 colere
1541 669 1691 736 coepi
1727 686 1836 720 non
1871 670 1958 720 ad-

223 761 442 812 modum
470 760 730 827 grandem
758 767 905 823 natu,
936 759 1031 810 sed
1060 767 1244 828 tamen
1276 759 1379 810 iam
1414 766 1591 810 aetate
1624 767 1954 826 provectum.

223 850 392 901 Anno
427 850 571 900 enim
608 857 732 916 post
768 848 956 900 consul
989 849 1221 916 primum
1259 849 1436 900 fuerat
1471 866 1628 916 quam
1663 866 1765 916 ego
1798 857 1957 900 natus

224 957 360 1004 sum,
403 950 637 1007 cumque
673 955 738 990 eo
775 947 1026 1006 quartum
1067 939 1286 990 consule
1327 939 1762 990 adulescentulus
1803 939 1957 990 miles

221 1030 289 1081 ad
318 1029 556 1097 Capuam
597 1030 874 1096 profectus
913 1046 1048 1093 sum,
1089 1030 1385 1096 quintoque
1420 1046 1563 1080 anno
1599 1036 1722 1096 post
1758 1029 1825 1080 ad
1858 1029 1961 1080 Ta-

175 1126 179 1129 ’
222 1127 456 1171 rentum.
519 1119 792 1186 Quaestor
826 1120 1019 1170 deinde
1057 1119 1406 1186 quadriennio
1445 1127 1568 1187 post
1605 1119 1782 1170 factus
1821 1136 1956 1183 sum,

223 1226 384 1277 quem
411 1209 788 1276 magistratum
816 1209 962 1275 gessi
990 1209 1300 1260 consulibus
1322 1210 1594 1261 Tuditano
1615 1218 1670 1260 et
1695 1209 1956 1276 CethegO,

224 1316 346 1351 cum
374 1299 591 1367 quidem
624 1299 711 1349 ille
743 1299 1034 1350 admodum
1068 1316 1233 1350 senex
1267 1316 1453 1350 suasor
1480 1299 1614 1366 legis
1644 1299 1862 1351 Cinciae
1891 1300 1959 1350 de

222 1390 378 1441 donis
411 1397 466 1440 et
499 1388 813 1439 muneribus
842 1388 962 1439 fuit.
1021 1389 1129 1440 Hic
1162 1396 1218 1440 et
1245 1388 1384 1439 bella
1417 1389 1640 1455 gerebat
1668 1397 1728 1440 ut
1756 1389 1962 1441 adules-

223 1496 369 1543 cenS,
400 1495 523 1531 cum
551 1479 709 1546 plane
737 1479 956 1546 grandis
985 1486 1146 1542 esset,
1178 1486 1232 1529 et
1265 1479 1628 1530 Hannibalem
1658 1479 1961 1530 iuveniliter

223 1569 586 1621 exsultantem
630 1569 891 1636 patientia
938 1585 1035 1620 sua
1079 1568 1388 1634 molliebat3
1430 1569 1498 1620 de
1541 1586 1647 1637 quo
1689 1569 1960 1636 praeclare

223 1659 499 1711 familiaris
539 1667 726 1711 noster
769 1659 1012 1711 Ennius:

472 1770 607 1812 Unus
629 1768 772 1811 homo
796 1767 933 1811 nobis
958 1768 1231 1812 cunctando
1258 1769 1461 1812 restituit
1485 1783 1594 1821 rem,

472 1846 692 1887 Noenum
717 1857 926 1887 rumores
951 1843 1157 1900 ponebat
1182 1850 1288 1887 ante
1314 1845 1533 1888 salutem.

472 1922 600 1977 Ergo
623 1926 823 1976 postque
847 1921 1089 1977 magisque
1112 1920 1198 1963 viri
1224 1934 1349 1963 nunc
1372 1921 1529 1977 gloria
1553 1921 1712 1965 claret.

229 2032 305 2078 11.
346 2026 646 2076 Tarentum
683 2041 811 2076 vero
848 2042 953 2092 qua
987 2025 1278 2092 vigilantia,
1319 2043 1424 2093 quo
1464 2026 1687 2077 consilio
1724 2026 1959 2093 recepit!

225 2132 348 2167 cum
386 2115 601 2183 quidem
641 2131 728 2166 me
768 2115 1021 2166 audiente
1061 2115 1363 2179 Salinatori,
1403 2116 1494 2182 qui
1529 2116 1727 2166 amisso
1764 2117 1959 2182 oppido

224 2205 439 2272 fugerat
467 2205 522 2256 in
547 2221 741 2266 arcem,
771 2205 1023 2271 glorianti
1053 2213 1216 2272 atque
1249 2205 1323 2256 ita
1348 2205 1564 2269 dicenti,
1600 2206 1755 2256 ‘Mea
1781 2223 1957 2272 opera,

226 2295 433 2363 Quinte
465 2294 613 2359 Fabi,
643 2294 942 2346 Tarentum
975 2295 1262 2362 recepisti,’
1298 2295 1519 2359 ‘Certe,’
1555 2295 1728 2363 inquit
1762 2295 1957 2360 ridenS,

228 2392 383 2436 ‘nam
411 2385 514 2435 nisi
541 2393 602 2436 tu
628 2385 915 2449 amisisseS,
946 2402 1239 2452 numquam
1268 2386 1628 2452 recepissem.'
1687 2385 1805 2436 Nec
1833 2403 1961 2437 vero

225 2475 280 2526 in
306 2475 468 2526 armis
496 2477 855 2542 praestantior
875 2492 1034 2543 quam
1057 2475 1111 2526 in
1133 2483 1275 2543 toga,
1300 2475 1391 2543 qui
1418 2475 1606 2527 consul
1627 2475 1838 2540 iterum,
1865 2475 1979 2543 Sp.-

228 2565 460 2616 Carvilio
499 2565 706 2632 collega
745 2565 1073 2633 quiescente,
1119 2565 1182 2617 C.
1229 2566 1491 2617 Flaminio
1531 2565 1748 2617 tribuno
1788 2566 1959 2633 plebis

226 2655 399 2722 quoad
426 2655 602 2722 potuit
630 2655 830 2707 restitit
858 2673 1047 2723 agrum
1079 2656 1353 2707 Picentem
1382 2664 1438 2707 et
1468 2655 1732 2707 Gallicum
1761 2656 1959 2707 viritim

225 2752 414 2796 contra
466 2753 686 2797 senatus
738 2745 1115 2798 auctoritatem
1168 2746 1460 2810 dividenti;
1507 2762 1784 2813 augurque
1837 2763 1959 2796 cum

225 2842 388 2898 esset,
416 2834 594 2887 dicere
621 2852 784 2887 ausus
812 2843 897 2887 est
930 2836 1146 2902 optimis
1180 2835 1430 2902 auspiciis
1463 2852 1528 2887 ea
1558 2836 1673 2902 geri
1701 2852 1836 2903 quae
1864 2852 1960 2902 pro

225 2924 303 2975 rei
330 2923 574 2991 publicae
602 2925 775 2976 salute
805 2933 1139 2993 gererentur,
1170 2942 1306 2993 quae
1335 2934 1522 2977 contra
1548 2942 1663 2976 rem
1691 2925 1959 2992 publicam

1994 1232 2042 1260 10

1995 1674 2043 1719 Ῑ5

1992 2141 2043 2170 20

1992 2589 2043 2632 25

226 3013 499 3065 ferrentur
525 3023 713 3066 contra
739 3016 976 3082 auspicia
1002 3016 1146 3067 ferri.
1208 3022 1282 3067 12.
1315 3015 1492 3067 Multa
1519 3015 1574 3066 in
1596 3032 1659 3066 eo
1679 3015 1792 3066 viro
1814 3031 1962 3082 prae-
1990 3039 2043 3081 30

226 3103 369 3155 clara
397 3105 639 3173 cognovi,
671 3105 766 3157 sed
798 3105 931 3157 nihil
962 3105 1325 3157 admirabilius
1354 3123 1513 3183 quam
1542 3114 1647 3174 quo
1680 3106 1839 3156 modo
1873 3105 1960 3155 ille
