2222 3496
211 248 397 304 XIX.71]
495 247 635 292 THE
677 249 864 292 NEAR
898 248 1261 293 APPROACH
1303 248 1387 293 OF
1428 250 1662 293 DEATH
1871 260 1942 314 29

209 383 492 448 victurum,
539 384 680 451 quod
724 400 940 450 sperare
984 384 1125 434 idern
1169 401 1334 435 senex
1377 401 1485 435 non
1529 384 1743 450 potest.’
1810 384 1944 435 Insi-

210 474 420 541 pienter
467 482 665 540 sperat.
734 473 880 540 Quid
928 474 1070 524 enim
1120 474 1338 524 stultius
1387 491 1546 540 quam
1593 475 1800 524 incerta
1845 491 1941 540 pro

210 563 371 614 certis
400 563 615 627 habere,
645 563 782 614 falsa
809 580 906 630 pro
933 563 1112 615 veris?
1170 563 1272 614 ‘At
1302 580 1467 614 senex
1494 580 1562 614 ne
1592 564 1732 630 quod
1761 571 1941 630 speret

210 653 426 720 quidem
479 652 678 703 habet.'
755 652 836 704 At
889 661 973 704 est
1026 669 1091 704 eo
1143 653 1362 704 meliore
1416 654 1728 704 condicione
1782 670 1940 721 quam

208 743 541 807 adulescenS,
582 759 704 794 cum
742 743 793 793 id
832 743 973 810 quod
1010 742 1097 793 ille
1135 751 1315 810 sperat
1356 743 1443 794 hic
1479 752 1802 794 consecutus
1839 752 1940 795 est.
2001 753 2023 798 5

211 832 309 882 Ille
340 832 452 883 volt
485 832 577 883 diu
609 832 805 896 vivere,
841 833 927 883 hic
960 833 1052 883 diu
1084 833 1230 884 vixit.
1277 839 1355 884 69.
1399 832 1755 900 Quamquam,
1788 832 1838 885 O
1869 833 1942 883 Di

208 921 366 974 boni!
409 922 535 989 quid
573 930 658 973 θεῖ
695 923 750 973 in
786 922 1017 973 hominis
1051 930 1244 973 natura
1275 923 1405 974 diu?
1467 923 1554 973 Da
1586 923 1729 973 enim
1763 939 1944 990 supre-

207 1029 354 1078 mum
384 1019 600 1078 tempus
623 1030 633 1064 :
671 1020 1049 1078 exspectemus
1077 1012 1476 1063 Tartessiorum
1504 1013 1646 1078 regis
1673 1020 1907 1063 aetatem
1929 1031 1941 1078 ;

207 1101 311 1152 fuit
372 1102 534 1166 enim,
596 1108 657 1152 ut
716 1102 978 1168 scriptum
1032 1102 1202 1165 videO,
1259 1101 1673 1168 Arganthonius
1727 1102 1941 1170 quidam

210 1190 450 1242 Gadibus
484 1191 575 1258 qui
608 1190 887 1257 octoginta
921 1199 1240 1258 regnaverat
1277 1208 1464 1255 annOS,
1501 1200 1719 1243 centum
1752 1192 1942 1258 viginti
1977 1212 2025 1240 10

207 1281 429 1332 vixerat.
499 1280 609 1332 Sed
652 1281 783 1331 mihi
823 1297 892 1331 ne
932 1281 1248 1332 diuturnum
1290 1281 1506 1348 quidem
1547 1282 1831 1348 quicquam
1871 1282 1942 1333 vi-

205 1371 364 1421 detur
386 1371 440 1421 in
463 1387 569 1438 quo
590 1378 675 1422 est
702 1371 901 1437 aliquid
929 1378 1229 1422 extremum
1253 1389 1264 1434 ;
1305 1387 1428 1422 cum
1457 1372 1599 1422 enim
1628 1372 1680 1422 id
1706 1372 1938 1435 advenit,

206 1468 323 1511 tum
357 1460 485 1511 illud
514 1460 656 1528 quod
690 1461 968 1528 praeteriit
1001 1460 1241 1525 effluxit;
1282 1468 1495 1512 tantum
1528 1469 1771 1512 remanet
1800 1462 1941 1529 quod

205 1551 406 1601 virtute
452 1557 507 1601 et
554 1558 703 1601 recte
750 1550 910 1600 factis
957 1559 1282 1601 consecutus
1330 1551 1420 1602 sis,
1495 1551 1678 1601 Horae
1726 1551 1940 1618 quidem

206 1641 405 1692 cedunt
443 1648 499 1691 et
535 1640 651 1691 dies
689 1648 744 1691 et
778 1656 994 1691 menses
1028 1647 1083 1692 et
1117 1641 1258 1705 anni,
1295 1657 1394 1692 nec
1428 1641 1777 1707 praeteritum
1811 1648 1944 1691 tem-
1977 1663 2024 1709 15

206 1747 307 1797 pus
344 1747 599 1797 umquam
632 1729 937 1794 revertitur,
977 1746 1077 1781 nec
1115 1730 1241 1797 quid
1276 1738 1533 1797 sequatur
1572 1729 1695 1780 sciri
1728 1737 1941 1796 potest3

207 1820 348 1887 quod
386 1820 578 1887 cuique
610 1819 870 1886 temporis
897 1820 964 1870 ad
992 1820 1280 1871 vivendum
1314 1820 1488 1883 datur,
1528 1836 1593 1870 eo
1625 1818 1788 1870 debet
1821 1836 1941 1870 esse

206 1917 514 1961 contentus
566 1916 643 1962 70.
686 1908 882 1977 Neque
925 1910 1068 1961 enim
1112 1909 1374 1973 histrioni,
1421 1916 1482 1960 ut
1524 1909 1748 1976 placeat,
1795 1926 1944 1976 pera-

205 1999 383 2065 genda
422 1999 606 2050 fabula
644 2007 745 2064 est,
788 1994 948 2050 m'odo
989 2000 1044 2050 in
1082 2015 1421 2066 quocumque
1461 1999 1624 2050 fuerit
1663 2007 1790 2051 actu
1826 2015 1943 2066 pro-

206 2088 379 2152 betur,
415 2106 592 2156 neque
618 2089 856 2156 ⁴sapienti
889 2106 1060 2156 usque
1092 2089 1159 2139 ad
1188 2090 1449 2153 Plaudite
1479 2089 1804 2140 veniendum
1838 2096 1939 2140 est.
1973 2113 2024 2140 20

209 2179 380 2229 Breve
428 2179 572 2230 enim
619 2187 836 2245 tempus
883 2179 1078 2230 aetatis
1126 2179 1257 2230 satis
1299 2178 1521 2245 longum
1565 2186 1650 2230 est
1691 2179 1759 2229 ad
1802 2178 1941 2230 bene

206 2269 541 2336 honesteque
569 2269 876 2320 vivendum.
939 2268 1039 2320 Sin
1072 2269 1395 2335 processerit
1429 2269 1656 2335 longius,
1693 2286 1802 2320 non
1835 2286 1942 2319 ma-

205 2359 289 2424 gis
321 2358 612 2409 dolendum
646 2367 730 2409 est
759 2376 917 2426 quam
952 2349 1215 2425 agricolae
1242 2359 1453 2423 dolent,'
1474 2359 1764 2426 praeterita
1789 2358 1941 2410 verni

207 2449 465 2515 temporis
539 2449 805 2499 suavitate
877 2457 1142 2500 aestatem
1213 2457 1640 2516 autumnumque
1708 2449 1938 2500 venisse.

206 2537 320 2588 Ver
352 2538 495 2589 enim
523 2521 804 2605 'tamquam
832 2538 1253 2589 adulescentiam
1283 2539 1565 2605 significat,
1595 2539 1939 2606 ostenditque
1971 2559 2021 2604 25

206 2627 417 2679 fructus
444 2628 674 2692 futurOS,
704 2628 909 2695 reliqua
941 2636 1122 2679 autem
1156 2637 1402 2695 tempora
1432 2629 1770 2680 demetendis
1803 2629 1942 2679 fruc-

206 2717 351 2768 tibus
398 2725 454 2768 et
500 2718 858 2784 percipiendis
911 2719 1314 2769 accommodata
1367 2726 1511 2770 sunt.
1571 2725 1647 2770 71.
1706 2719 1939 2769 Fructus

206 2814 388 2858 autem
423 2807 722 2858 senectutis
755 2815 855 2872 est,
892 2816 952 2858 ut
990 2824 1150 2875 saepe
1182 2808 1304 2871 dixi,
1340 2816 1467 2859 ante
1500 2802 1779 2875 >partorum
1813 2808 1942 2859 bon-

207 2914 359 2948 orum
396 2898 656 2949 memoria
691 2906 746 2949 et
784 2898 953 2964 copia.
1017 2897 1215 2950 Omnia
1250 2906 1432 2948 autem
1470 2915 1606 2965 quae
1644 2899 1940 2949 secundum

206 2995 453 3038 naturam
488 2987 642 3051 fiunt,
679 2995 807 3038 sunt
844 2987 1093 3038 habenda
1128 2987 1182 3037 in
1219 2987 1391 3038 bonis,
1455 2987 1600 3054 Quid
1637 2996 1721 3038 θεῖ
1758 2996 1939 3038 autem
1970 3009 2022 3051 30

205 3084 316 3140 ¹tam
346 3077 642 3127 secundum
671 3084 919 3127 naturam
948 3094 1106 3144 quam
1136 3076 1355 3127 senibus
1383 3077 1590 3128 emori?
1628 3077 1770 3143 quod
1798 3077 1938 3127 idem
