2124 3516
653 666 812 740 ΟΝ
871 666 1098 739 OLD
1150 666 1365 739 AGE

529 843 706 902 CATO
755 843 979 900 MAIOR
1026 860 1106 899 DE
1149 841 1527 900 SENECTUTE

429 1047 470 1090 O
496 1047 615 1099 Tite,
640 1046 680 1090 si
705 1046 817 1103 quid
841 1059 928 1103 ego
951 1046 1143 1089 adiuero
1167 1060 1382 1089 curamve
1405 1045 1587 1088 levasso

427 1137 545 1180 quae
570 1137 693 1166 nunc
717 1130 761 1166 te
785 1123 945 1179 coquit
966 1129 1013 1165 et
1033 1129 1189 1166 versat
1211 1123 1258 1164 in
1279 1128 1466 1177 pectore
1490 1121 1594 1175 fixa,

425 1199 595 1256 ecquid
618 1199 705 1242 erit
725 1198 933 1254 praemi?

151 1304 305 1355 Licet
333 1304 476 1355 enim
505 1303 636 1354 mihi
656 1303 902 1354 versibus
930 1302 1133 1354 eisdem
1161 1302 1332 1353 adfari
1360 1310 1431 1367 te,
1455 1301 1659 1366 Attice,
1685 1301 1877 1369 quibus

1473 1378 1688 1391 ...ω--..Ἣ

144 1394 360 1445 adfatur
389 1394 753 1445 Flamininum
1939 1415 1961 1459 5

430 1508 511 1552 Ille
533 1509 604 1551 vir
625 1508 751 1552 haud
774 1522 946 1566 magna
969 1521 1074 1551 cum
1097 1522 1158 1561 re,
1183 1507 1266 1551 sed
1289 1506 1453 1564 plenus
1475 1507 1598 1551 fidei.

148 1613 490 1682 Quamquam
519 1621 669 1665 certo
697 1614 822 1678 sci0,
853 1630 979 1678 non,
1010 1621 1070 1664 ut
1102 1612 1478 1676 Flamininum,

428 1729 678 1774 Sollicitari
703 1736 761 1783 te,
787 1729 908 1783 Tite,
932 1729 1001 1772 sic
1024 1729 1269 1786 noctisque
1293 1728 1512 1785 diesque3

145 1835 269 1886 novi
301 1835 445 1886 enim
478 1834 903 1886 moderationem
936 1834 1101 1885 animi
1133 1834 1212 1885 tui
1245 1841 1300 1885 et
1335 1833 1680 1900 aequitatem,
1716 1840 1878 1901 teque

66 1954 72 1960 ν
144 1941 254 1976 non
294 1941 597 1991 cognomen
639 1924 812 1975 solum
850 1923 1088 1975 Athenis
1128 1924 1459 1990 deportasse,
1505 1923 1599 1973 sed
1639 1923 1880 1973 humani·
1913 1944 1962 1972 10

143 2022 313 2065 tatem
358 2022 413 2065 et
455 2014 797 2081 prudentiam
841 2013 1114 2080 intellego
1183 2013 1257 2063 Et
1304 2021 1488 2063 tamen
1534 2020 1589 2063 te
1638 2012 1879 2079 suspicor

141 2103 344 2156 eisdem
382 2106 545 2158 rebus
579 2107 775 2173 quibus
813 2122 900 2156 me
938 2104 1117 2171 ipsum
1154 2103 1428 2168 interdum
1477 2102 1692 2169 gravius
1740 2118 1880 2153 com-

142 2194 360 2257 moveri,
398 2211 623 2261 quarum
657 2193 954 2245 consolatio
986 2201 1042 2244 et
1075 2192 1244 2243 maior
1276 2199 1361 2243 est
1394 2200 1449 2243 et
1483 2192 1538 2242 in
1570 2192 1713 2242 aliud
1747 2200 1880 2243 tem-

142 2300 243 2350 pus
270 2283 589 2334 differenda.
639 2283 802 2334 Nunc
829 2290 1011 2334 autem
1032 2282 1207 2333 visum
1235 2290 1320 2333 est
1348 2282 1477 2332 mihi
1499 2281 1567 2332 de
1595 2289 1877 2332 senectute

141 2374 338 2441 aliquid
371 2373 437 2424 ad
472 2356 529 2424 te
561 2373 916 2424 conscribere.
979 2380 1026 2425 2.
1059 2373 1182 2423 Hoc
1210 2372 1353 2423 enim
1387 2388 1551 2423 onere
1579 2372 1721 2439 quod
1747 2371 1878 2422 mihi
1913 2390 1959 2434 15

141 2479 427 2514 commune
464 2471 645 2514 tecum
684 2471 783 2527 est,
822 2470 916 2513 aut
952 2463 1056 2513 iam
1094 2462 1339 2529 urgentis
1374 2469 1469 2512 aut
1506 2469 1654 2512 certe
1686 2461 1879 2512 adven-

141 2554 308 2605 tantis
342 2554 655 2617 senectutiS,
692 2562 747 2605 et
780 2561 836 2604 te
869 2561 924 2604 et
958 2570 1045 2604 me
1081 2553 1258 2620 ipsum
1295 2552 1459 2604 levari
1490 2552 1646 2616 volo;
1683 2552 1786 2603 etsi
1821 2559 1877 2603 te

141 2643 356 2710 quidem
393 2643 446 2694 id
484 2643 692 2695 'modice
729 2659 790 2694 ac
829 2643 1116 2710 sapienter,
1154 2643 1292 2694 sicut
1328 2642 1522 2706 omnia,
1558 2649 1614 2693 et
1647 2641 1788 2692 ferre
1821 2650 1876 2693 et

140 2732 373 2783 laturum
417 2749 538 2784 esse
581 2741 731 2785 certo
776 2733 902 2785 scio,
973 2733 1083 2785 Sed
1126 2732 1271 2797 mihi,
1317 2749 1440 2783 cum
1483 2732 1551 2783 de
1595 2739 1876 2783 senectute

138 2822 331 2873 vellem
364 2823 561 2890 aliquid
595 2823 845 2887 scribere,
875 2831 936 2874 tu
969 2822 1288 2875 occurrebas
1324 2822 1522 2889 dignus
1555 2838 1620 2873 eo
1651 2838 1875 2873 munere
1907 2843 1960 2870 20

140 2928 246 2979 quo
273 2919 500 2980 uterque
527 2922 774 2964 nostrum
803 2914 1161 2964 communiter
1189 2920 1450 2964 uteretur.
1500 2912 1638 2962 Mihi
1660 2911 1875 2979 quidem

139 3001 215 3052 ita
240 3002 471 3053 iucunda
497 3002 657 3054 huius
684 3003 805 3054 libri
833 3003 1102 3055 confectio
1134 3003 1254 3067 fuit,
1285 3011 1345 3053 ut
1379 3018 1488 3053 non
1515 3002 1675 3053 modo
1701 3001 1875 3052 omnis

138 3091 453 3143 absterserit
473 3093 769 3144 senectutis
787 3093 1079 3157 molestiaS,
1102 3093 1196 3143 sed
1215 3091 1460 3143 effecerit
1478 3091 1696 3142 mollem
1714 3091 1875 3142 etiam

999 3193 1016 3222 Ι
