<?xml version="1.0" encoding="UTF-8"?>
<!DOCTYPE html PUBLIC "-//W3C//DTD XHTML 1.0 Transitional//EN"
    "http://www.w3.org/TR/xhtml1/DTD/xhtml1-transitional.dtd">
<html xmlns="http://www.w3.org/1999/xhtml" xml:lang="en" lang="en">
 <head>
  <title>
</title>
<meta http-equiv="Content-Type" content="text/html;charset=utf-8" />
  <meta name='ocr-system' content='tesseract 3.04.00' />
  <meta name='ocr-capabilities' content='ocr_page ocr_carea ocr_par ocr_line ocrx_word'/>
</head>
<body>
  <div class='ocr_page' id='page_1' title='image "./mtulliciceronisc00ciceuoft_0049.png"; bbox 0 0 2222 3496; ppageno 0'>
   <div class='ocr_carea' id='block_1_1' title="bbox 244 260 1975 327">
    <p class='ocr_par' dir='ltr' id='par_1_1' title="bbox 244 260 1975 327">
     <span class='ocr_line' id='line_1_1' title="bbox 244 260 1975 327; baseline 0.005 -24"><span class='ocrx_word' id='word_1_1' title='bbox 244 261 471 317; x_wconf 82' lang='lat' dir='ltr'>xvl11.65]</span> <span class='ocrx_word' id='word_1_2' title='bbox 669 260 992 304; x_wconf 89' lang='lat' dir='ltr'><strong>FUTILITY</strong></span> <span class='ocrx_word' id='word_1_3' title='bbox 1032 261 1116 305; x_wconf 92' lang='lat' dir='ltr'>OF</span> <span class='ocrx_word' id='word_1_4' title='bbox 1159 262 1556 306; x_wconf 93' lang='lat' dir='ltr'><strong>COMPLAINT</strong></span> <span class='ocrx_word' id='word_1_5' title='bbox 1905 272 1975 327; x_wconf 91' lang='lat'>27</span> 
     </span>
    </p>
   </div>
   <div class='ocr_carea' id='block_1_2' title="bbox 240 396 1979 2984">
    <p class='ocr_par' dir='ltr' id='par_1_2' title="bbox 240 396 1979 2340">
     <span class='ocr_line' id='line_1_2' title="bbox 244 396 1979 469; baseline 0.001 -20"><span class='ocrx_word' id='word_1_6' title='bbox 244 397 446 465; x_wconf 88' lang='lat' dir='ltr'>optime</span> <span class='ocrx_word' id='word_1_7' title='bbox 489 404 698 448; x_wconf 91' lang='lat' dir='ltr'>morata</span> <span class='ocrx_word' id='word_1_8' title='bbox 739 404 838 460; x_wconf 91' lang='lat' dir='ltr'>est,</span> <span class='ocrx_word' id='word_1_9' title='bbox 883 396 957 447; x_wconf 90' lang='lat' dir='ltr'>ita</span> <span class='ocrx_word' id='word_1_10' title='bbox 995 396 1407 463; x_wconf 80' lang='lat' dir='ltr'>diligentissime</span> <span class='ocrx_word' id='word_1_11' title='bbox 1450 397 1822 450; x_wconf 81' lang='lat' dir='ltr'>observantur.</span> <span class='ocrx_word' id='word_1_12' title='bbox 1874 399 1979 469; x_wconf 91' lang='lat' dir='ltr'>Ly-</span> 
     </span>
     <span class='ocr_line' id='line_1_3' title="bbox 244 486 1978 551; baseline 0.001 -13"><span class='ocrx_word' id='word_1_13' title='bbox 244 487 500 539; x_wconf 90' lang='lat' dir='ltr'>sandrum</span> <span class='ocrx_word' id='word_1_14' title='bbox 541 486 1043 550; x_wconf 88' lang='lat' dir='ltr'>Lacedaemonium,</span> <span class='ocrx_word' id='word_1_15' title='bbox 1084 487 1235 537; x_wconf 89' lang='lat' dir='ltr'>cuius</span> <span class='ocrx_word' id='word_1_16' title='bbox 1278 488 1437 538; x_wconf 94' lang='lat' dir='ltr'>modo</span> <span class='ocrx_word' id='word_1_17' title='bbox 1480 488 1587 538; x_wconf 83' lang='lat' dir='ltr'>feci</span> <span class='ocrx_word' id='word_1_18' title='bbox 1629 489 1978 551; x_wconf 87' lang='lat' dir='ltr'>mentionem,</span> 
     </span>
     <span class='ocr_line' id='line_1_4' title="bbox 242 576 1975 629; baseline -0.001 0"><span class='ocrx_word' id='word_1_19' title='bbox 242 578 420 629; x_wconf 89' lang='lat' dir='ltr'>dicere</span> <span class='ocrx_word' id='word_1_20' title='bbox 446 577 598 627; x_wconf 91' lang='lat' dir='ltr'>aiunt</span> <span class='ocrx_word' id='word_1_21' title='bbox 632 576 849 626; x_wconf 90' lang='lat' dir='ltr'>solitum</span> <span class='ocrx_word' id='word_1_22' title='bbox 882 577 1345 628; x_wconf 80' lang='lat' dir='ltr'>Lacedaemonem</span> <span class='ocrx_word' id='word_1_23' title='bbox 1378 594 1500 628; x_wconf 91' lang='lat' dir='ltr'>esse</span> <span class='ocrx_word' id='word_1_24' title='bbox 1533 578 1975 629; x_wconf 92' lang='lat' dir='ltr'>honestissimum</span> 
     </span>
     <span class='ocr_line' id='line_1_5' title="bbox 242 668 1976 735; baseline -0.001 -16"><span class='ocrx_word' id='word_1_25' title='bbox 242 668 570 719; x_wconf 87' lang='lat' dir='ltr'>domicilium</span> <span class='ocrx_word' id='word_1_26' title='bbox 605 668 937 732; x_wconf 89' lang='lat' dir='ltr'>senectutis;</span> <span class='ocrx_word' id='word_1_27' title='bbox 981 685 1246 735; x_wconf 90' lang='lat' dir='ltr'>nusquam</span> <span class='ocrx_word' id='word_1_28' title='bbox 1283 668 1426 719; x_wconf 92' lang='lat' dir='ltr'>enim</span> <span class='ocrx_word' id='word_1_29' title='bbox 1468 676 1682 719; x_wconf 89' lang='lat' dir='ltr'>tantum</span> <span class='ocrx_word' id='word_1_30' title='bbox 1723 668 1976 719; x_wconf 87' lang='lat' dir='ltr'>tribuitur</span> 
     </span>
     <span class='ocr_line' id='line_1_6' title="bbox 242 758 1975 826; baseline 0 -17"><span class='ocrx_word' id='word_1_31' title='bbox 242 758 421 822; x_wconf 89' lang='lat' dir='ltr'>aetati,</span> <span class='ocrx_word' id='word_1_32' title='bbox 470 775 738 825; x_wconf 89' lang='lat' dir='ltr'>nusquam</span> <span class='ocrx_word' id='word_1_33' title='bbox 785 766 870 809; x_wconf 93' lang='lat' dir='ltr'>est</span> <span class='ocrx_word' id='word_1_34' title='bbox 917 766 1170 810; x_wconf 90' lang='lat' dir='ltr'>senectus</span> <span class='ocrx_word' id='word_1_35' title='bbox 1217 759 1545 810; x_wconf 91' lang='lat' dir='ltr'>honoratior.</span> <span class='ocrx_word' id='word_1_36' title='bbox 1620 758 1768 826; x_wconf 75' lang='lat' dir='ltr'>Quin</span> <span class='ocrx_word' id='word_1_37' title='bbox 1814 758 1975 810; x_wconf 91' lang='lat' dir='ltr'>etiam</span> 
     </span>
     <span class='ocr_line' id='line_1_7' title="bbox 241 849 1977 917; baseline 0 -18"><span class='ocrx_word' id='word_1_38' title='bbox 241 849 532 900; x_wconf 89' lang='lat' dir='ltr'>memoriae</span> <span class='ocrx_word' id='word_1_39' title='bbox 574 849 847 916; x_wconf 85' lang='lat' dir='ltr'>proditum</span> <span class='ocrx_word' id='word_1_40' title='bbox 891 857 991 914; x_wconf 92' lang='lat' dir='ltr'>est,</span> <span class='ocrx_word' id='word_1_41' title='bbox 1037 866 1159 900; x_wconf 89' lang='lat' dir='ltr'>cum</span> <span class='ocrx_word' id='word_1_42' title='bbox 1203 849 1442 900; x_wconf 90' lang='lat' dir='ltr'>Athenis</span> <span class='ocrx_word' id='word_1_43' title='bbox 1484 849 1623 901; x_wconf 91' lang='lat' dir='ltr'>ludis</span> <span class='ocrx_word' id='word_1_44' title='bbox 1665 849 1881 917; x_wconf 91' lang='lat' dir='ltr'>quidam</span> <span class='ocrx_word' id='word_1_45' title='bbox 1921 849 1977 899; x_wconf 93' lang='lat' dir='ltr'>in</span> 
     </span>
     <span class='ocr_line' id='line_1_8' title="bbox 242 939 1976 1006; baseline 0 -17"><span class='ocrx_word' id='word_1_46' title='bbox 242 939 515 990; x_wconf 89' lang='lat' dir='ltr'>theatrum</span> <span class='ocrx_word' id='word_1_47' title='bbox 552 939 772 1006; x_wconf 87' lang='lat' dir='ltr'>grandis</span> <span class='ocrx_word' id='word_1_48' title='bbox 809 947 942 991; x_wconf 90' lang='lat' dir='ltr'>natu</span> <span class='ocrx_word' id='word_1_49' title='bbox 977 940 1233 1004; x_wconf 88' lang='lat' dir='ltr'>venisset,</span> <span class='ocrx_word' id='word_1_50' title='bbox 1270 956 1469 1006; x_wconf 90' lang='lat' dir='ltr'>magno</span> <span class='ocrx_word' id='word_1_51' title='bbox 1507 956 1766 991; x_wconf 92' lang='lat' dir='ltr'>consessu</span> <span class='ocrx_word' id='word_1_52' title='bbox 1798 939 1976 991; x_wconf 88' lang='lat' dir='ltr'>locum</span> 
     </span>
     <span class='ocr_line' id='line_1_9' title="bbox 242 1029 1979 1096; baseline 0.001 -17"><span class='ocrx_word' id='word_1_53' title='bbox 242 1045 508 1096; x_wconf 91' lang='lat' dir='ltr'>nusquam</span> <span class='ocrx_word' id='word_1_54' title='bbox 542 1029 591 1079; x_wconf 92' lang='lat' dir='ltr'>ei</span> <span class='ocrx_word' id='word_1_55' title='bbox 622 1029 809 1080; x_wconf 89' lang='lat' dir='ltr'>datum</span> <span class='ocrx_word' id='word_1_56' title='bbox 840 1045 872 1080; x_wconf 91' lang='lat' dir='ltr'>a</span> <span class='ocrx_word' id='word_1_57' title='bbox 905 1029 1016 1080; x_wconf 89' lang='lat' dir='ltr'>suis</span> <span class='ocrx_word' id='word_1_58' title='bbox 1054 1029 1292 1094; x_wconf 89' lang='lat' dir='ltr'>civibus;</span> <span class='ocrx_word' id='word_1_59' title='bbox 1330 1046 1451 1080; x_wconf 90' lang='lat' dir='ltr'>cum</span> <span class='ocrx_word' id='word_1_60' title='bbox 1489 1038 1670 1080; x_wconf 86' lang='lat' dir='ltr'>autem</span> <span class='ocrx_word' id='word_1_61' title='bbox 1708 1029 1775 1080; x_wconf 90' lang='lat' dir='ltr'>ad</span> <span class='ocrx_word' id='word_1_62' title='bbox 1814 1029 1979 1080; x_wconf 89' lang='lat' dir='ltr'>Lace-</span> 
     </span>
     <span class='ocr_line' id='line_1_10' title="bbox 240 1119 1976 1187; baseline 0.001 -18"><span class='ocrx_word' id='word_1_63' title='bbox 240 1119 553 1170; x_wconf 91' lang='lat' dir='ltr'>daemonios</span> <span class='ocrx_word' id='word_1_64' title='bbox 592 1120 929 1184; x_wconf 88' lang='lat' dir='ltr'>accessisset,</span> <span class='ocrx_word' id='word_1_65' title='bbox 972 1120 1078 1187; x_wconf 92' lang='lat' dir='ltr'>qui,</span> <span class='ocrx_word' id='word_1_66' title='bbox 1121 1119 1286 1186; x_wconf 91' lang='lat' dir='ltr'>legati</span> <span class='ocrx_word' id='word_1_67' title='bbox 1324 1136 1447 1170; x_wconf 91' lang='lat' dir='ltr'>cum</span> <span class='ocrx_word' id='word_1_68' title='bbox 1489 1127 1691 1184; x_wconf 91' lang='lat' dir='ltr'>essent,</span> <span class='ocrx_word' id='word_1_69' title='bbox 1733 1127 1882 1170; x_wconf 87' lang='lat' dir='ltr'>certo</span> <span class='ocrx_word' id='word_1_70' title='bbox 1921 1119 1976 1170; x_wconf 92' lang='lat' dir='ltr'>in</span> 
     </span>
     <span class='ocr_line' id='line_1_11' title="bbox 240 1208 1976 1274; baseline -0.001 -14"><span class='ocrx_word' id='word_1_71' title='bbox 240 1208 359 1260; x_wconf 91' lang='lat' dir='ltr'>loco</span> <span class='ocrx_word' id='word_1_72' title='bbox 399 1209 773 1274; x_wconf 90' lang='lat' dir='ltr'>consederant,</span> <span class='ocrx_word' id='word_1_73' title='bbox 818 1209 1220 1260; x_wconf 86' lang='lat' dir='ltr'>consurrexisse</span> <span class='ocrx_word' id='word_1_74' title='bbox 1263 1226 1452 1260; x_wconf 91' lang='lat' dir='ltr'>omnes</span> <span class='ocrx_word' id='word_1_75' title='bbox 1496 1209 1570 1259; x_wconf 92' lang='lat' dir='ltr'>illi</span> <span class='ocrx_word' id='word_1_76' title='bbox 1610 1209 1877 1273; x_wconf 88' lang='lat' dir='ltr'>dicuntur,</span> <span class='ocrx_word' id='word_1_77' title='bbox 1921 1216 1976 1259; x_wconf 92' lang='lat' dir='ltr'>et</span> 
     </span>
     <span class='ocr_line' id='line_1_12' title="bbox 242 1298 1979 1366; baseline 0 -17"><span class='ocrx_word' id='word_1_78' title='bbox 242 1315 427 1349; x_wconf 88' lang='lat' dir='ltr'>senem</span> <span class='ocrx_word' id='word_1_79' title='bbox 464 1316 673 1350; x_wconf 90' lang='lat' dir='ltr'>sessum</span> <span class='ocrx_word' id='word_1_80' title='bbox 706 1299 993 1366; x_wconf 90' lang='lat' dir='ltr'>recepisse.</span> <span class='ocrx_word' id='word_1_81' title='bbox 1043 1304 1122 1350; x_wconf 90' lang='lat'>64.</span> <span class='ocrx_word' id='word_1_82' title='bbox 1166 1298 1378 1366; x_wconf 77' lang='lat' dir='ltr'>Quibus</span> <span class='ocrx_word' id='word_1_83' title='bbox 1413 1315 1532 1349; x_wconf 92' lang='lat' dir='ltr'>cum</span> <span class='ocrx_word' id='word_1_84' title='bbox 1568 1316 1600 1349; x_wconf 92' lang='lat' dir='ltr'>a</span> <span class='ocrx_word' id='word_1_85' title='bbox 1632 1307 1828 1350; x_wconf 87' lang='lat' dir='ltr'>cuncto</span> <span class='ocrx_word' id='word_1_86' title='bbox 1856 1315 1979 1349; x_wconf 88' lang='lat' dir='ltr'>con-</span> 
     </span>
     <span class='ocr_line' id='line_1_13' title="bbox 242 1388 1979 1456; baseline 0 -17"><span class='ocrx_word' id='word_1_87' title='bbox 242 1405 397 1439; x_wconf 90' lang='lat' dir='ltr'>sessu</span> <span class='ocrx_word' id='word_1_88' title='bbox 430 1388 650 1455; x_wconf 88' lang='lat' dir='ltr'>plausus</span> <span class='ocrx_word' id='word_1_89' title='bbox 685 1396 831 1440; x_wconf 88' lang='lat' dir='ltr'>esset</span> <span class='ocrx_word' id='word_1_90' title='bbox 863 1388 1147 1456; x_wconf 90' lang='lat' dir='ltr'>multiplex</span> <span class='ocrx_word' id='word_1_91' title='bbox 1171 1389 1346 1453; x_wconf 86' lang='lat' dir='ltr'>datus,</span> <span class='ocrx_word' id='word_1_92' title='bbox 1374 1388 1574 1439; x_wconf 85' lang='lat' dir='ltr'>dixisse</span> <span class='ocrx_word' id='word_1_93' title='bbox 1607 1405 1673 1439; x_wconf 93' lang='lat' dir='ltr'>ex</span> <span class='ocrx_word' id='word_1_94' title='bbox 1705 1389 1781 1439; x_wconf 89' lang='lat' dir='ltr'>eis</span> <span class='ocrx_word' id='word_1_95' title='bbox 1816 1405 1979 1455; x_wconf 93' lang='lat' dir='ltr'>quen-</span> 
     </span>
     <span class='ocr_line' id='line_1_14' title="bbox 240 1478 1976 1546; baseline 0 -17"><span class='ocrx_word' id='word_1_96' title='bbox 240 1479 380 1543; x_wconf 91' lang='lat' dir='ltr'>dam,</span> <span class='ocrx_word' id='word_1_97' title='bbox 430 1478 789 1530; x_wconf 90' lang='lat' dir='ltr'>Atheniensis</span> <span class='ocrx_word' id='word_1_98' title='bbox 837 1479 974 1530; x_wconf 90' lang='lat' dir='ltr'>scire</span> <span class='ocrx_word' id='word_1_99' title='bbox 1021 1495 1158 1546; x_wconf 92' lang='lat' dir='ltr'>quae</span> <span class='ocrx_word' id='word_1_100' title='bbox 1204 1486 1354 1530; x_wconf 92' lang='lat' dir='ltr'>recta</span> <span class='ocrx_word' id='word_1_101' title='bbox 1405 1487 1606 1543; x_wconf 90' lang='lat' dir='ltr'>essent,</span> <span class='ocrx_word' id='word_1_102' title='bbox 1657 1479 1752 1529; x_wconf 90' lang='lat' dir='ltr'>sed</span> <span class='ocrx_word' id='word_1_103' title='bbox 1798 1479 1976 1529; x_wconf 82' lang='lat' dir='ltr'>facere</span> 
     </span>
     <span class='ocr_line' id='line_1_15' title="bbox 241 1568 1977 1641; baseline 0 -22"><span class='ocrx_word' id='word_1_104' title='bbox 241 1568 399 1620; x_wconf 92' lang='lat' dir='ltr'>nolle.</span> <span class='ocrx_word' id='word_1_105' title='bbox 457 1568 633 1641; x_wconf 88' lang='lat' dir='ltr'>Multa</span> <span class='ocrx_word' id='word_1_106' title='bbox 659 1568 715 1620; x_wconf 95' lang='lat' dir='ltr'>in</span> <span class='ocrx_word' id='word_1_107' title='bbox 741 1577 924 1620; x_wconf 90' lang='lat' dir='ltr'>vestro</span> <span class='ocrx_word' id='word_1_108' title='bbox 952 1568 1178 1636; x_wconf 91' lang='lat' dir='ltr'>collegio</span> <span class='ocrx_word' id='word_1_109' title='bbox 1204 1568 1491 1636; x_wconf 88' lang='lat' dir='ltr'>praeclara,</span> <span class='ocrx_word' id='word_1_110' title='bbox 1522 1569 1617 1619; x_wconf 94' lang='lat' dir='ltr'>sed</span> <span class='ocrx_word' id='word_1_111' title='bbox 1645 1569 1748 1620; x_wconf 91' lang='lat' dir='ltr'>hoc</span> <span class='ocrx_word' id='word_1_112' title='bbox 1775 1568 1843 1619; x_wconf 91' lang='lat' dir='ltr'>de</span> <span class='ocrx_word' id='word_1_113' title='bbox 1872 1585 1977 1636; x_wconf 93' lang='lat' dir='ltr'>quo</span> 
     </span>
     <span class='ocr_line' id='line_1_16' title="bbox 241 1658 1978 1727; baseline -0.001 -17"><span class='ocrx_word' id='word_1_114' title='bbox 241 1659 450 1725; x_wconf 87' lang='lat' dir='ltr'>agimus</span> <span class='ocrx_word' id='word_1_115' title='bbox 487 1659 542 1710; x_wconf 92' lang='lat' dir='ltr'>in</span> <span class='ocrx_word' id='word_1_116' title='bbox 582 1660 783 1727; x_wconf 82' lang='lat' dir='ltr'>primiS‚</span> <span class='ocrx_word' id='word_1_117' title='bbox 821 1659 978 1727; x_wconf 93' lang='lat' dir='ltr'>quod,</span> <span class='ocrx_word' id='word_1_118' title='bbox 1015 1667 1075 1710; x_wconf 92' lang='lat' dir='ltr'>ut</span> <span class='ocrx_word' id='word_1_119' title='bbox 1108 1659 1334 1727; x_wconf 91' lang='lat' dir='ltr'>quisque</span> <span class='ocrx_word' id='word_1_120' title='bbox 1365 1667 1545 1710; x_wconf 91' lang='lat' dir='ltr'>aetate</span> <span class='ocrx_word' id='word_1_121' title='bbox 1580 1658 1870 1723; x_wconf 90' lang='lat' dir='ltr'>antecedit,</span> <span class='ocrx_word' id='word_1_122' title='bbox 1903 1658 1978 1709; x_wconf 91' lang='lat' dir='ltr'>ita</span> 
     </span>
     <span class='ocr_line' id='line_1_17' title="bbox 241 1748 1978 1818; baseline 0 -19"><span class='ocrx_word' id='word_1_123' title='bbox 241 1749 545 1800; x_wconf 88' lang='lat' dir='ltr'>sententiae</span> <span class='ocrx_word' id='word_1_124' title='bbox 562 1749 922 1816; x_wconf 87' lang='lat' dir='ltr'>principatum</span> <span class='ocrx_word' id='word_1_125' title='bbox 941 1757 1093 1800; x_wconf 91' lang='lat' dir='ltr'>tenet</span> <span class='ocrx_word' id='word_1_126' title='bbox 1116 1767 1127 1814; x_wconf 92' lang='lat'>;</span> <span class='ocrx_word' id='word_1_127' title='bbox 1155 1766 1331 1816; x_wconf 92' lang='lat' dir='ltr'>neque</span> <span class='ocrx_word' id='word_1_128' title='bbox 1354 1748 1527 1800; x_wconf 94' lang='lat' dir='ltr'>solum</span> <span class='ocrx_word' id='word_1_129' title='bbox 1546 1749 1750 1818; x_wconf 81' lang='lat' dir='ltr'>honore</span> <span class='ocrx_word' id='word_1_130' title='bbox 1767 1756 1978 1799; x_wconf 91' lang='lat' dir='ltr'>antece-</span> 
     </span>
     <span class='ocr_line' id='line_1_18' title="bbox 240 1838 1976 1906; baseline 0 -18"><span class='ocrx_word' id='word_1_131' title='bbox 240 1838 513 1903; x_wconf 82' lang='lat' dir='ltr'>dentibus,</span> <span class='ocrx_word' id='word_1_132' title='bbox 553 1839 648 1890; x_wconf 92' lang='lat' dir='ltr'>sed</span> <span class='ocrx_word' id='word_1_133' title='bbox 685 1839 762 1890; x_wconf 91' lang='lat' dir='ltr'>eis</span> <span class='ocrx_word' id='word_1_134' title='bbox 803 1839 964 1890; x_wconf 88' lang='lat' dir='ltr'>etiam</span> <span class='ocrx_word' id='word_1_135' title='bbox 1002 1839 1093 1906; x_wconf 89' lang='lat' dir='ltr'>qui</span> <span class='ocrx_word' id='word_1_136' title='bbox 1134 1855 1255 1890; x_wconf 92' lang='lat' dir='ltr'>cum</span> <span class='ocrx_word' id='word_1_137' title='bbox 1297 1838 1522 1905; x_wconf 90' lang='lat' dir='ltr'>imperio</span> <span class='ocrx_word' id='word_1_138' title='bbox 1562 1846 1704 1902; x_wconf 91' lang='lat' dir='ltr'>sunt,</span> <span class='ocrx_word' id='word_1_139' title='bbox 1749 1838 1976 1889; x_wconf 90' lang='lat' dir='ltr'>maiores</span> 
     </span>
     <span class='ocr_line' id='line_1_19' title="bbox 241 1927 1976 1996; baseline -0.001 -17"><span class='ocrx_word' id='word_1_140' title='bbox 241 1936 373 1979; x_wconf 91' lang='lat' dir='ltr'>natu</span> <span class='ocrx_word' id='word_1_141' title='bbox 399 1945 632 1996; x_wconf 86' lang='lat' dir='ltr'>augures</span> <span class='ocrx_word' id='word_1_142' title='bbox 660 1937 1082 1996; x_wconf 89' lang='lat' dir='ltr'>anteponuntur.</span> <span class='ocrx_word' id='word_1_143' title='bbox 1139 1928 1294 1996; x_wconf 78' lang='lat' dir='ltr'>Quae</span> <span class='ocrx_word' id='word_1_144' title='bbox 1322 1936 1449 1979; x_wconf 90' lang='lat' dir='ltr'>sunt</span> <span class='ocrx_word' id='word_1_145' title='bbox 1478 1927 1643 1996; x_wconf 90' lang='lat' dir='ltr'>igitur</span> <span class='ocrx_word' id='word_1_146' title='bbox 1668 1928 1976 1995; x_wconf 90' lang='lat' dir='ltr'>voluptates</span> 
     </span>
     <span class='ocr_line' id='line_1_20' title="bbox 240 2017 1975 2086; baseline 0 -18"><span class='ocrx_word' id='word_1_147' title='bbox 240 2018 479 2085; x_wconf 91' lang='lat' dir='ltr'>corporis</span> <span class='ocrx_word' id='word_1_148' title='bbox 509 2035 632 2069; x_wconf 91' lang='lat' dir='ltr'>cum</span> <span class='ocrx_word' id='word_1_149' title='bbox 665 2019 1001 2070; x_wconf 89' lang='lat' dir='ltr'>auctoritatis</span> <span class='ocrx_word' id='word_1_150' title='bbox 1034 2019 1283 2086; x_wconf 88' lang='lat' dir='ltr'>praemiis</span> <span class='ocrx_word' id='word_1_151' title='bbox 1316 2018 1746 2085; x_wconf 86' lang='lat' dir='ltr'>comparandae?</span> <span class='ocrx_word' id='word_1_152' title='bbox 1782 2017 1975 2085; x_wconf 91' lang='lat' dir='ltr'>quibus</span> 
     </span>
     <span class='ocr_line' id='line_1_21' title="bbox 241 2107 1975 2176; baseline -0.001 -17"><span class='ocrx_word' id='word_1_153' title='bbox 241 2108 332 2176; x_wconf 91' lang='lat' dir='ltr'>qui</span> <span class='ocrx_word' id='word_1_154' title='bbox 365 2108 643 2176; x_wconf 91' lang='lat' dir='ltr'>splendide</span> <span class='ocrx_word' id='word_1_155' title='bbox 677 2110 760 2160; x_wconf 93' lang='lat' dir='ltr'>usi</span> <span class='ocrx_word' id='word_1_156' title='bbox 796 2117 938 2173; x_wconf 90' lang='lat' dir='ltr'>sunt,</span> <span class='ocrx_word' id='word_1_157' title='bbox 975 2109 1024 2160; x_wconf 93' lang='lat' dir='ltr'>ei</span> <span class='ocrx_word' id='word_1_158' title='bbox 1059 2108 1189 2159; x_wconf 92' lang='lat' dir='ltr'>mihi</span> <span class='ocrx_word' id='word_1_159' title='bbox 1221 2109 1472 2159; x_wconf 89' lang='lat' dir='ltr'>videntur</span> <span class='ocrx_word' id='word_1_160' title='bbox 1508 2107 1746 2159; x_wconf 78' lang='lat' dir='ltr'>fabulam</span> <span class='ocrx_word' id='word_1_161' title='bbox 1783 2108 1975 2159; x_wconf 89' lang='lat' dir='ltr'>aetatis</span> 
     </span>
     <span class='ocr_line' id='line_1_22' title="bbox 240 2197 1978 2266; baseline -0.001 -17"><span class='ocrx_word' id='word_1_162' title='bbox 240 2199 530 2265; x_wconf 88' lang='lat' dir='ltr'>peregisse,</span> <span class='ocrx_word' id='word_1_163' title='bbox 570 2215 669 2250; x_wconf 89' lang='lat' dir='ltr'>nec</span> <span class='ocrx_word' id='word_1_164' title='bbox 706 2206 981 2266; x_wconf 91' lang='lat' dir='ltr'>tamquam</span> <span class='ocrx_word' id='word_1_165' title='bbox 1019 2198 1354 2249; x_wconf 89' lang='lat' dir='ltr'>inexercitati</span> <span class='ocrx_word' id='word_1_166' title='bbox 1388 2197 1679 2248; x_wconf 90' lang='lat' dir='ltr'>histriones</span> <span class='ocrx_word' id='word_1_167' title='bbox 1716 2197 1771 2248; x_wconf 93' lang='lat' dir='ltr'>in</span> <span class='ocrx_word' id='word_1_168' title='bbox 1808 2205 1978 2248; x_wconf 89' lang='lat' dir='ltr'>extre-</span> 
     </span>
     <span class='ocr_line' id='line_1_23' title="bbox 240 2289 806 2340; baseline 0.002 -1"><span class='ocrx_word' id='word_1_169' title='bbox 240 2305 331 2339; x_wconf 94' lang='lat' dir='ltr'>mo</span> <span class='ocrx_word' id='word_1_170' title='bbox 365 2297 490 2340; x_wconf 92' lang='lat' dir='ltr'>actu</span> <span class='ocrx_word' id='word_1_171' title='bbox 526 2289 806 2340; x_wconf 89' lang='lat' dir='ltr'>corruisse.</span> 
     </span>
    </p>

    <p class='ocr_par' dir='ltr' id='par_1_3' title="bbox 240 2377 1978 2984">
     <span class='ocr_line' id='line_1_24' title="bbox 318 2377 1975 2430; baseline -0.002 0"><span class='ocrx_word' id='word_1_172' title='bbox 318 2385 396 2430; x_wconf 87' lang='lat'>65.</span> <span class='ocrx_word' id='word_1_173' title='bbox 443 2378 546 2430; x_wconf 89' lang='lat' dir='ltr'>‘At</span> <span class='ocrx_word' id='word_1_174' title='bbox 587 2387 714 2430; x_wconf 89' lang='lat' dir='ltr'>sunt</span> <span class='ocrx_word' id='word_1_175' title='bbox 754 2379 953 2430; x_wconf 92' lang='lat' dir='ltr'>morosi</span> <span class='ocrx_word' id='word_1_176' title='bbox 993 2387 1048 2430; x_wconf 94' lang='lat' dir='ltr'>et</span> <span class='ocrx_word' id='word_1_177' title='bbox 1088 2379 1230 2430; x_wconf 88' lang='lat' dir='ltr'>anxii</span> <span class='ocrx_word' id='word_1_178' title='bbox 1270 2386 1324 2430; x_wconf 92' lang='lat' dir='ltr'>et</span> <span class='ocrx_word' id='word_1_179' title='bbox 1366 2378 1606 2429; x_wconf 91' lang='lat' dir='ltr'>iracundi</span> <span class='ocrx_word' id='word_1_180' title='bbox 1642 2386 1697 2429; x_wconf 93' lang='lat' dir='ltr'>et</span> <span class='ocrx_word' id='word_1_181' title='bbox 1733 2377 1975 2428; x_wconf 87' lang='lat' dir='ltr'>difficiles</span> 
     </span>
     <span class='ocr_line' id='line_1_25' title="bbox 241 2468 1974 2536; baseline -0.001 -18"><span class='ocrx_word' id='word_1_182' title='bbox 241 2468 435 2521; x_wconf 83' lang='lat' dir='ltr'>seneS.’</span> <span class='ocrx_word' id='word_1_183' title='bbox 515 2468 575 2520; x_wconf 88' lang='lat' dir='ltr'>Si</span> <span class='ocrx_word' id='word_1_184' title='bbox 621 2469 942 2536; x_wconf 91' lang='lat' dir='ltr'>quaerimus,</span> <span class='ocrx_word' id='word_1_185' title='bbox 992 2470 1153 2520; x_wconf 92' lang='lat' dir='ltr'>etiam</span> <span class='ocrx_word' id='word_1_186' title='bbox 1207 2469 1383 2533; x_wconf 89' lang='lat' dir='ltr'>avari;</span> <span class='ocrx_word' id='word_1_187' title='bbox 1431 2468 1527 2519; x_wconf 91' lang='lat' dir='ltr'>sed</span> <span class='ocrx_word' id='word_1_188' title='bbox 1579 2468 1713 2519; x_wconf 91' lang='lat' dir='ltr'>haec</span> <span class='ocrx_word' id='word_1_189' title='bbox 1764 2484 1974 2519; x_wconf 90' lang='lat' dir='ltr'>morum</span> 
     </span>
     <span class='ocr_line' id='line_1_26' title="bbox 240 2558 1977 2623; baseline -0.001 -15"><span class='ocrx_word' id='word_1_190' title='bbox 240 2559 370 2609; x_wconf 88' lang='lat' dir='ltr'>vitia</span> <span class='ocrx_word' id='word_1_191' title='bbox 412 2567 554 2623; x_wconf 91' lang='lat' dir='ltr'>sunt,</span> <span class='ocrx_word' id='word_1_192' title='bbox 598 2576 709 2610; x_wconf 92' lang='lat' dir='ltr'>non</span> <span class='ocrx_word' id='word_1_193' title='bbox 752 2559 1067 2610; x_wconf 80' lang='lat' dir='ltr'>senectutis,</span> <span class='ocrx_word' id='word_1_194' title='bbox 1134 2558 1222 2609; x_wconf 88' lang='lat' dir='ltr'>Ac</span> <span class='ocrx_word' id='word_1_195' title='bbox 1265 2558 1551 2610; x_wconf 90' lang='lat' dir='ltr'>morositas</span> <span class='ocrx_word' id='word_1_196' title='bbox 1594 2566 1778 2609; x_wconf 90' lang='lat' dir='ltr'>tamen</span> <span class='ocrx_word' id='word_1_197' title='bbox 1818 2565 1873 2608; x_wconf 94' lang='lat' dir='ltr'>et</span> <span class='ocrx_word' id='word_1_198' title='bbox 1914 2573 1977 2607; x_wconf 90' lang='lat' dir='ltr'>ea</span> 
     </span>
     <span class='ocr_line' id='line_1_27' title="bbox 240 2635 1975 2716; baseline -0.001 -18"><span class='ocrx_word' id='word_1_199' title='bbox 240 2647 369 2698; x_wconf 90' lang='lat' dir='ltr'>vitia</span> <span class='ocrx_word' id='word_1_200' title='bbox 414 2665 550 2715; x_wconf 90' lang='lat' dir='ltr'>quae</span> <span class='ocrx_word' id='word_1_201' title='bbox 592 2649 715 2712; x_wconf 90' lang='lat' dir='ltr'>dixi,</span> <span class='ocrx_word' id='word_1_202' title='bbox 761 2635 964 2700; x_wconf 84' lang='lat' dir='ltr'>habent</span> <span class='ocrx_word' id='word_1_203' title='bbox 1010 2649 1207 2716; x_wconf 90' lang='lat' dir='ltr'>aliquid</span> <span class='ocrx_word' id='word_1_204' title='bbox 1254 2648 1631 2712; x_wconf 85' lang='lat' dir='ltr'>excusationiS‚</span> <span class='ocrx_word' id='word_1_205' title='bbox 1680 2664 1790 2698; x_wconf 92' lang='lat' dir='ltr'>non</span> <span class='ocrx_word' id='word_1_206' title='bbox 1837 2647 1975 2697; x_wconf 91' lang='lat' dir='ltr'>illius</span> 
     </span>
     <span class='ocr_line' id='line_1_28' title="bbox 242 2738 1978 2806; baseline -0.001 -18"><span class='ocrx_word' id='word_1_207' title='bbox 242 2738 457 2804; x_wconf 91' lang='lat' dir='ltr'>quidem</span> <span class='ocrx_word' id='word_1_208' title='bbox 505 2738 693 2803; x_wconf 91' lang='lat' dir='ltr'>iustae,</span> <span class='ocrx_word' id='word_1_209' title='bbox 744 2739 839 2789; x_wconf 92' lang='lat' dir='ltr'>sed</span> <span class='ocrx_word' id='word_1_210' title='bbox 883 2755 1019 2806; x_wconf 91' lang='lat' dir='ltr'>quae</span> <span class='ocrx_word' id='word_1_211' title='bbox 1066 2738 1280 2805; x_wconf 88' lang='lat' dir='ltr'>probari</span> <span class='ocrx_word' id='word_1_212' title='bbox 1327 2754 1487 2805; x_wconf 90' lang='lat' dir='ltr'>posse</span> <span class='ocrx_word' id='word_1_213' title='bbox 1534 2738 1812 2801; x_wconf 89' lang='lat' dir='ltr'>videatur;</span> <span class='ocrx_word' id='word_1_214' title='bbox 1855 2753 1978 2788; x_wconf 92' lang='lat' dir='ltr'>con-</span> 
     </span>
     <span class='ocr_line' id='line_1_29' title="bbox 241 2825 1977 2895; baseline -0.001 -18"><span class='ocrx_word' id='word_1_215' title='bbox 241 2827 412 2877; x_wconf 88' lang='lat' dir='ltr'>temni</span> <span class='ocrx_word' id='word_1_216' title='bbox 465 2844 524 2878; x_wconf 92' lang='lat' dir='ltr'>se</span> <span class='ocrx_word' id='word_1_217' title='bbox 576 2836 786 2895; x_wconf 90' lang='lat' dir='ltr'>putant,</span> <span class='ocrx_word' id='word_1_218' title='bbox 841 2828 1060 2895; x_wconf 89' lang='lat' dir='ltr'>despici,</span> <span class='ocrx_word' id='word_1_219' title='bbox 1115 2828 1315 2891; x_wconf 89' lang='lat' dir='ltr'>inludi;</span> <span class='ocrx_word' id='word_1_220' title='bbox 1362 2835 1641 2894; x_wconf 90' lang='lat' dir='ltr'>praeterea</span> <span class='ocrx_word' id='word_1_221' title='bbox 1692 2827 1747 2877; x_wconf 93' lang='lat' dir='ltr'>in</span> <span class='ocrx_word' id='word_1_222' title='bbox 1800 2825 1977 2892; x_wconf 81' lang='lat' dir='ltr'>fragili</span> 
     </span>
     <span class='ocr_line' id='line_1_30' title="bbox 242 2915 1978 2984; baseline -0.001 -18"><span class='ocrx_word' id='word_1_223' title='bbox 242 2932 464 2983; x_wconf 91' lang='lat' dir='ltr'>corpore</span> <span class='ocrx_word' id='word_1_224' title='bbox 504 2917 688 2968; x_wconf 91' lang='lat' dir='ltr'>odiosa</span> <span class='ocrx_word' id='word_1_225' title='bbox 726 2919 901 2968; x_wconf 90' lang='lat' dir='ltr'>omnis</span> <span class='ocrx_word' id='word_1_226' title='bbox 940 2917 1172 2968; x_wconf 85' lang='lat' dir='ltr'>offensio</span> <span class='ocrx_word' id='word_1_227' title='bbox 1212 2925 1314 2968; x_wconf 92' lang='lat' dir='ltr'>est.</span> <span class='ocrx_word' id='word_1_228' title='bbox 1377 2917 1532 2984; x_wconf 78' lang='lat' dir='ltr'>Quae</span> <span class='ocrx_word' id='word_1_229' title='bbox 1572 2924 1756 2967; x_wconf 92' lang='lat' dir='ltr'>tamen</span> <span class='ocrx_word' id='word_1_230' title='bbox 1798 2915 1978 2966; x_wconf 91' lang='lat' dir='ltr'>omnia</span> 
     </span>
    </p>
   </div>
   <div class='ocr_carea' id='block_1_3' title="bbox 2011 1231 2060 1259">
    <p class='ocr_par' dir='ltr' id='par_1_4' title="bbox 2011 1231 2060 1259">
     <span class='ocr_line' id='line_1_31' title="bbox 2011 1231 2060 1259; baseline 0 0"><span class='ocrx_word' id='word_1_231' title='bbox 2011 1231 2060 1259; x_wconf 93' lang='lat'>10</span> 
     </span>
    </p>
   </div>
   <div class='ocr_carea' id='block_1_4' title="bbox 2011 1678 2059 1721">
    <p class='ocr_par' dir='ltr' id='par_1_5' title="bbox 2011 1678 2059 1721">
     <span class='ocr_line' id='line_1_32' title="bbox 2011 1678 2059 1721; baseline 0 0"><span class='ocrx_word' id='word_1_232' title='bbox 2011 1678 2059 1721; x_wconf 87' lang='lat'>15</span> 
     </span>
    </p>
   </div>
   <div class='ocr_carea' id='block_1_5' title="bbox 2009 2128 2061 2156">
    <p class='ocr_par' dir='ltr' id='par_1_6' title="bbox 2009 2128 2061 2156">
     <span class='ocr_line' id='line_1_33' title="bbox 2009 2128 2061 2156; baseline 0.019 -1"><span class='ocrx_word' id='word_1_233' title='bbox 2009 2128 2061 2156; x_wconf 92' lang='lat'>20</span> 
     </span>
    </p>
   </div>
   <div class='ocr_carea' id='block_1_6' title="bbox 2008 2574 2059 2618">
    <p class='ocr_par' dir='ltr' id='par_1_7' title="bbox 2008 2574 2059 2618">
     <span class='ocr_line' id='line_1_34' title="bbox 2008 2574 2059 2618; baseline 0 0"><span class='ocrx_word' id='word_1_234' title='bbox 2008 2574 2059 2618; x_wconf 82' lang='lat'>25</span> 
     </span>
    </p>
   </div>
   <div class='ocr_carea' id='block_1_7' title="bbox 241 3006 2060 3072">
    <p class='ocr_par' dir='ltr' id='par_1_8' title="bbox 241 3006 2060 3072">
     <span class='ocr_line' id='line_1_35' title="bbox 241 3006 2060 3072; baseline -0.002 -16"><span class='ocrx_word' id='word_1_235' title='bbox 241 3006 480 3057; x_wconf 90' lang='lat' dir='ltr'>dulciora</span> <span class='ocrx_word' id='word_1_236' title='bbox 518 3007 656 3057; x_wconf 92' lang='lat' dir='ltr'>fiunt</span> <span class='ocrx_word' id='word_1_237' title='bbox 698 3015 753 3058; x_wconf 93' lang='lat' dir='ltr'>et</span> <span class='ocrx_word' id='word_1_238' title='bbox 793 3007 1032 3058; x_wconf 91' lang='lat' dir='ltr'>moribus</span> <span class='ocrx_word' id='word_1_239' title='bbox 1072 3006 1227 3057; x_wconf 90' lang='lat' dir='ltr'>bonis</span> <span class='ocrx_word' id='word_1_240' title='bbox 1268 3015 1323 3057; x_wconf 94' lang='lat' dir='ltr'>et</span> <span class='ocrx_word' id='word_1_241' title='bbox 1366 3006 1607 3070; x_wconf 89' lang='lat' dir='ltr'>artibus;</span> <span class='ocrx_word' id='word_1_242' title='bbox 1650 3006 1809 3072; x_wconf 92' lang='lat' dir='ltr'>idque</span> <span class='ocrx_word' id='word_1_243' title='bbox 1853 3022 1974 3056; x_wconf 91' lang='lat' dir='ltr'>cum</span> <span class='ocrx_word' id='word_1_244' title='bbox 2006 3022 2060 3065; x_wconf 87' lang='lat'>30</span> 
     </span>
    </p>
   </div>
   <div class='ocr_carea' id='block_1_8' title="bbox 242 3094 1973 3163">
    <p class='ocr_par' dir='ltr' id='par_1_9' title="bbox 242 3094 1973 3163">
     <span class='ocr_line' id='line_1_36' title="bbox 242 3094 1973 3163; baseline -0.001 -18"><span class='ocrx_word' id='word_1_245' title='bbox 242 3095 298 3146; x_wconf 94' lang='lat' dir='ltr'>in</span> <span class='ocrx_word' id='word_1_246' title='bbox 337 3096 447 3147; x_wconf 89' lang='lat' dir='ltr'>vita</span> <span class='ocrx_word' id='word_1_247' title='bbox 486 3104 602 3147; x_wconf 93' lang='lat' dir='ltr'>tum</span> <span class='ocrx_word' id='word_1_248' title='bbox 643 3097 698 3148; x_wconf 89' lang='lat' dir='ltr'>in</span> <span class='ocrx_word' id='word_1_249' title='bbox 740 3114 934 3148; x_wconf 91' lang='lat' dir='ltr'>scaena</span> <span class='ocrx_word' id='word_1_250' title='bbox 973 3097 1214 3162; x_wconf 92' lang='lat' dir='ltr'>intellegi</span> <span class='ocrx_word' id='word_1_251' title='bbox 1254 3104 1436 3163; x_wconf 92' lang='lat' dir='ltr'>potest</span> <span class='ocrx_word' id='word_1_252' title='bbox 1476 3112 1543 3146; x_wconf 91' lang='lat' dir='ltr'>ex</span> <span class='ocrx_word' id='word_1_253' title='bbox 1583 3096 1659 3146; x_wconf 92' lang='lat' dir='ltr'>eis</span> <span class='ocrx_word' id='word_1_254' title='bbox 1700 3094 1973 3158; x_wconf 83' lang='lat' dir='ltr'>fratribus,</span> 
     </span>
    </p>
   </div>
  </div>
 </body>
</html>
