2222 3496
213 263 284 313 26
870 266 962 308 ΟΝ
1003 266 1137 309 OLD
1173 266 1311 309 AGE
1591 291 1615 307 ἶ
1684 266 1818 321 [CA‘r.
1843 267 1982 308 MA1.⁴

212 401 420 452 colendi
461 401 642 452 studia
680 407 963 451 teneamus
1003 416 1177 468 usque
1218 400 1286 452 ad
1326 399 1579 453 ultimum
1621 408 1839 469 tempus
1878 417 1959 453 se-

212 491 468 543 nectutis.
533 491 609 542 M.
650 490 866 558 quidem
901 490 1177 542 Valerium
1214 490 1510 543 Corvinum
1545 491 1854 559 accepimus
1889 491 1958 543 ad

213 581 574 632 centesimum
601 597 806 632 annum
833 580 1166 648 perduxisse,
1191 597 1315 632 cum
1342 589 1490 633 esset
1509 590 1633 633 acta
1652 581 1758 633 iam
1778 589 1959 634 aetate

213 672 268 723 in
304 672 448 738 agris
485 687 688 738 eosque
724 670 962 736 coleret3
1004 671 1157 722 cuius
1198 671 1341 722 inter
1380 671 1613 739 primum
1650 679 1707 724 et
1744 680 1958 724 sextum

161 786 182 829 5
214 761 556 813 consulatum
601 778 696 813 sex
743 769 799 813 et
843 761 1201 829 quadraginta
1245 761 1374 813 anni
1420 761 1804 814 interfuerunt.
1873 763 1960 814 Ita

214 860 477 920 quantum
518 847 754 919 spatium
795 851 988 903 aetatis
1029 852 1260 904 maiores
1298 852 1367 904 ad
1408 852 1707 905 senectutis
1747 852 1959 905 initium

213 958 335 994 esse
375 942 678 1004 voluerunt,
723 950 911 994 tantus
953 941 1030 994 illi
1071 959 1262 994 cursus
1306 943 1573 995 honorum
1614 943 1753 1009 fuit;
1796 951 1960 1011 atque

213 1035 373 1087 huius
406 1044 651 1087 extrema
682 1043 833 1086 aetas
867 1035 970 1087 hoc
1003 1035 1211 1087 beatior
1243 1052 1405 1104 quam
1437 1036 1629 1101 media,
1666 1037 1809 1104 quod
1841 1052 1963 1088 auc-

213 1125 450 1177 toritatis
490 1125 727 1177 habebat
768 1126 905 1193 pluS,
948 1125 1145 1177 laboris
1185 1125 1382 1178 minus
1450 1125 1613 1194 Apex
1651 1134 1739 1178 est
1776 1135 1959 1178 autem

135 1238 185 1266 10
214 1216 514 1268 senectutis
541 1216 854 1268 auctoritas,
897 1222 975 1268 61.
1020 1215 1243 1284 Quanta
1268 1216 1372 1268 fuit
1400 1217 1455 1268 in
1488 1217 1551 1269 L.
1583 1217 1818 1270 Caecilio
1847 1217 1963 1269 Me-

213 1307 375 1360 tello!
417 1315 621 1375 quanta
657 1306 712 1357 in
749 1306 825 1360 A.
861 1306 1036 1358 Atilio
1074 1306 1355 1360 Calatino!
1396 1307 1451 1358 in
1490 1324 1650 1375 quem
1691 1307 1821 1359 illud
1857 1307 1964 1359 elo-

212 1398 395 1465 gium:
441 1397 639 1449 ‘Hunc
669 1414 837 1448 unum
870 1397 1133 1465 plurimae
1167 1397 1517 1449 consentiunt
1549 1406 1744 1466 gentes
1777 1397 1962 1466 populi

213 1488 525 1556 primarium
559 1487 730 1540 fuisse
756 1487 967 1540 virum.’
1029 1487 1238 1540 Notum
1271 1495 1358 1540 est
1390 1504 1610 1541 carmen
1642 1489 1871 1541 incisum
1905 1488 1961 1540 in

214 1579 479 1647 sepulcro.
545 1579 671 1630 Iure
707 1578 872 1646 igitur
907 1579 1103 1646 graviS‚
1140 1579 1293 1630 cuius
1329 1579 1399 1630 de
1435 1579 1681 1631 laudibus
1718 1579 1960 1631 omnium

134 1689 182 1732 15
213 1677 361 1721 esset
389 1670 536 1721 fama
562 1668 928 1720 consentiens
993 1668 1175 1736 Quem
1202 1669 1376 1721 virum
1411 1686 1585 1736 nuper
1614 1669 1670 1726 P.
1700 1669 1960 1722 Crassum

213 1760 528 1828 pontificem
566 1760 875 1822 maximum,
916 1776 1079 1827 quem
1115 1768 1307 1827 postea
1344 1759 1422 1811 M.
1465 1760 1733 1827 Lepidum
1769 1761 1962 1812 eodem

214 1850 517 1902 sacerdotio
545 1850 867 1918 praeditum,
898 1850 1164 1903 vidimus!
1223 1849 1370 1918 Quid
1397 1850 1466 1902 de
1496 1850 1661 1902 Paulo
1692 1858 1786 1902 aut
1815 1849 1965 1902 Afri-

213 1958 348 1993 cano
381 1940 584 2009 loquar,
619 1949 729 2005 aut,
767 1948 827 1991 ut
861 1941 966 1992 iam
1000 1949 1144 2005 ante,
1173 1941 1241 1992 de
1272 1940 1550 1994 Maximo?
1591 1958 1819 2010 quorum
1852 1958 1963 1993 non

214 2032 268 2083 in
292 2032 566 2083 sententia
587 2031 778 2096 solum,
804 2031 900 2083 sed
922 2031 1086 2083 etiarn
1109 2031 1164 2083 in
1185 2039 1324 2083 nutu
1350 2031 1624 2084 residebat
1650 2031 1961 2084 auctoritas

131 2144 185 2172 20
219 2122 405 2174 Habet
443 2131 714 2187 senectus,
754 2123 1021 2174 honorata
1057 2123 1393 2190 praesertim,
1433 2130 1642 2174 tantam
1678 2122 1965 2175 auctorita-

213 2222 325 2266 tem
347 2222 407 2265 ut
429 2230 494 2265 ea
521 2213 688 2281 pluris
717 2214 786 2264 sit
809 2229 970 2281 quam
998 2230 1188 2265 omnes
1215 2213 1615 2265 adulescentiae
1635 2212 1962 2282 voluptates,

289 2310 481 2357 XVIII.
524 2311 604 2357 62.
649 2303 760 2356 Sed
794 2304 849 2356 in
887 2304 1036 2356 omni
1073 2304 1315 2356 oratione
1352 2312 1688 2356 mementote
1720 2320 1840 2356 eam
1874 2320 1963 2356 me

214 2404 555 2447 senectutem
586 2395 805 2447 laudare
834 2411 971 2463 quae
1004 2394 1374 2447 fundamentis
1407 2394 1809 2447 adulescentiae
1841 2410 1965 2446 con·

214 2486 408 2538 stituta
434 2486 521 2537 sit.
580 2485 666 2537 Ex
694 2501 801 2553 quo
828 2484 1062 2536 efficitur
1089 2484 1142 2536 id
1170 2485 1312 2553 quod
1341 2501 1444 2552 ego
1470 2502 1670 2553 magno
1690 2485 1962 2553 quondam

133 2595 155 2624 2
162 2593 185 2639 5
214 2593 338 2629 curn
365 2576 602 2628 adsensu
624 2575 866 2627 omnium
893 2575 1021 2640 dixi,
1042 2575 1295 2627 miseram
1317 2592 1440 2627 esse
1461 2583 1802 2627 senectutem
1825 2591 1963 2643 quae

215 2683 275 2718 se
302 2666 544 2719 oratione
572 2666 912 2718 defenderet.
962 2665 1091 2717 Non
1120 2665 1241 2717 cani
1268 2681 1369 2717 nec
1397 2681 1564 2733 rugae
1591 2674 1817 2733 repente
1842 2681 1965 2717 auc-

215 2757 492 2809 toritatem
539 2756 777 2823 arripere
824 2764 1090 2823 possunt;
1134 2755 1230 2807 sed
1274 2756 1505 2808 honeste
1550 2764 1674 2807 acta
1720 2755 1964 2823 superior

212 2855 365 2899 aetas
392 2847 605 2898 fructus
633 2846 777 2914 capit
805 2846 1146 2898 auctoritatis
1174 2854 1461 2899 extremos
1509 2853 1589 2899 63.
1634 2845 1789 2897 Haec
1817 2845 1962 2897 enim

215 2938 331 3007 ipsa
358 2946 486 2989 sunt
515 2937 848 2989 honorabilia
869 2953 1006 3005 quae
1027 2936 1281 2988 videntur
1306 2936 1444 2988 levia
1467 2944 1629 3004 atque
1657 2935 1964 2988 communia

132 3051 185 3092 30
214 3028 540 3092 —salutari,
585 3027 784 3094 adpeti,
829 3026 1035 3091 decedi,
1079 3027 1315 3094 adsurgi,
1353 3026 1563 3091 deduci,
1602 3026 1801 3091 reduci,
1841 3042 1965 3078 con-

214 3119 350 3183 suli;
392 3134 528 3187 quae
557 3126 612 3169 ct
644 3117 786 3185 apud
816 3134 916 3169 nos
949 3126 1005 3170 et
1033 3117 1089 3170 in
1122 3117 1238 3169 aliis
1272 3116 1598 3182 civitatibuS,
1629 3123 1690 3169 ut
1718 3131 1963 3185 quaeque
