2124 3516
161 259 317 312 v111.7]
436 230 763 301 GENERAL
799 257 1199 299 COMPLAINT
1241 257 1323 299 OF
1363 257 1503 298 THE
1544 256 1676 299 OLD
1887 261 1915 314 3

186 392 553 445 adulescentia
573 390 822 457 obrepit?
885 390 1113 454 Deinde,
1140 390 1229 457 qui
1256 390 1434 441 minus
1462 389 1640 456 gravis
1668 395 1814 439 esset
1842 386 1919 438 eis

187 490 457 545 senectuS,
503 481 549 531 si
591 480 1104 547 octingentesimum
1150 496 1352 530 annum
1400 487 1624 546 agerent
1668 495 1827 545 quam
1876 476 1922 527 si

187 571 616 639 octogesimum?
667 570 961 620 Praeterita
989 569 1131 620 enim
1160 578 1309 620 aetas
1338 569 1581 636 quamvis
1609 569 1771 634 longa
1797 583 1921 618 cum

187 648 501 725 effluxisset,
551 659 698 711 nulla
743 659 1038 710 consolatio
1085 659 1419 726 permulcere
1465 666 1650 726 posset
1699 657 1918 708 stultam

188 758 544 803 senectutem.
612 757 658 801 5.
702 749 969 816 Quocirca
1012 749 1057 799 si
1100 749 1417 815 sapientiam
1457 727 1632 799 meam
1673 746 1924 798 admirari

188 841 389 905 soletiS,
414 856 549 908 quae
571 840 778 891 utinam
799 839 963 906 digna
984 846 1129 890 esset
1151 838 1400 905 opinione
1422 846 1603 889 vestra
1629 845 1922 903 nostroque

189 931 526 998 cognomine,
564 930 618 980 in
654 930 755 980 hoc
794 946 980 980 sumus
1018 929 1290 996 sapientes
1329 929 1470 996 quod
1507 936 1755 979 naturam
1791 925 1925 993 opti-

189 1038 332 1073 mam
368 1021 562 1071 ducem
603 1027 879 1087 tamquam
916 1019 1078 1070 deum
1119 1018 1408 1085 sequimur,
1448 1018 1603 1085 eique
1639 1033 1923 1084 paremus;

189 1128 221 1162 a
242 1127 347 1178 qua
373 1127 482 1161 non
503 1110 616 1161 veri
644 1109 815 1160 simile
844 1116 944 1172 est,
969 1125 1091 1159 cum
1121 1115 1333 1159 ceterae
1361 1116 1542 1175 partes
1570 1107 1764 1157 aetatis
1786 1105 1924 1156 bene

189 1201 492 1267 descriptae
521 1200 644 1263 sint,
668 1207 969 1250 extremum
996 1206 1178 1249 actum
1200 1206 1474 1265 tamquam
1497 1197 1565 1248 ab
1586 1197 1745 1247 inerti
1766 1194 1927 1263 po'eta

191 1307 313 1342 esse
339 1290 666 1357 neglectum.
730 1289 839 1341 Sed
866 1296 1051 1339 tamen
1084 1305 1308 1339 necesse
1340 1288 1443 1339 fuit
1471 1303 1592 1338 esse
1619 1286 1815 1353 aliquid
1843 1302 1929 1337 ex-

191 1389 441 1444 tremum,
482 1387 537 1430 et
577 1387 852 1446 tamquam
894 1378 950 1428 in
989 1378 1240 1428 arborum
1278 1378 1425 1428 bacis
1467 1385 1749 1443 terraeque
1790 1376 1930 1427 fruc-

192 1470 339 1522 tibus
385 1469 698 1521 maturitate
744 1468 1068 1535 tempestiva
1112 1468 1263 1535 quasi
1302 1468 1506 1518 vietum
1550 1474 1605 1517 et
1649 1466 1925 1529 caducum,

194 1561 337 1629 quod
363 1560 647 1611 ferendum
675 1566 760 1610 est
787 1558 1021 1610 molliter
1049 1558 1295 1624 sapienti.
1346 1557 1492 1624 Quid
1515 1565 1598 1607 est
1621 1556 1764 1607 enim
1786 1555 1929 1606 aliud

196 1652 492 1718 Gigantum
520 1650 681 1701 modo
708 1649 907 1700 bellare
936 1665 1057 1700 cum
1085 1648 1168 1699 dis
1202 1648 1305 1699 nisi
1337 1656 1562 1699 naturae
1590 1647 1929 1713 repugnare?

272 1749 317 1793 6.
363 1741 640 1810 LAELItJS.
695 1739 885 1806 Atqui,
911 1739 1064 1802 Cat0,
1089 1738 1456 1806 gratissimum
1484 1737 1657 1801 nobiS,
1681 1744 1740 1787 ut
1768 1736 1930 1786 etiam

195 1848 292 1899 pro
315 1830 567 1897 Scipione
588 1829 854 1896 pollicear,
878 1829 1087 1892 feceriS,
1113 1828 1173 1892 si,
1198 1828 1447 1895 quoniam
1472 1843 1766 1894 speramUS,
1789 1825 1933 1876 volu-

195 1938 316 1972 mus
338 1920 554 1988 quidem
583 1926 730 1970 certe
759 1935 917 1986 senes
946 1918 1076 1981 fieri,
1107 1917 1279 1968 multo
1305 1925 1432 1968 ante
1460 1933 1491 1967 a
1512 1925 1567 1967 te
1589 1915 1931 1966 didicerimus

196 2010 388 2078 quibus
417 2009 670 2060 facillime
697 2007 995 2059 rationibus
1028 2008 1494 2074 ingravescentem
1526 2013 1761 2056 aetatem
1790 2004 1932 2055 ferre

196 2101 482 2168 possimus

274 2191 453 2242 CATO.
511 2190 726 2240 Faciam
761 2205 904 2252 vero,
944 2188 1108 2252 Laeli,
1143 2187 1462 2255 praesertim
1496 2186 1542 2236 si
1577 2185 1787 2252 utrique
1818 2200 1934 2235 ves-

197 2287 358 2344 trum,
394 2287 454 2330 ut
486 2279 635 2342 dicis,
671 2286 885 2345 gratum
918 2278 1159 2328 futurum
1195 2284 1297 2327 est.

278 2369 555 2420 LAELIUS.
597 2368 865 2418 Volumus
888 2384 1033 2430 sane,
1058 2367 1160 2417 nisi
1186 2366 1477 2417 molestum
1499 2373 1599 2429 est,
1625 2365 1778 2427 Cat0,
1802 2371 1935 2414 tarn-

200 2477 359 2527 quam
381 2460 597 2525 longam
619 2458 851 2525 aliquam
873 2458 1013 2508 viam
1042 2456 1340 2508 confeceris
1363 2473 1522 2523 quam
1545 2454 1699 2505 nobis
1722 2444 1933 2521 quoque

200 2548 608 2616 ingrediendum
638 2548 724 2611 sit,
755 2547 895 2598 istuc
923 2563 1031 2614 quo
1057 2546 1370 2613 pervenisti,
1399 2545 1581 2596 videre
1610 2543 1765 2611 quale
1795 2542 1880 2593 sit.

277 2640 375 2690 III.
421 2645 464 2691 7.
509 2639 690 2691 CATO.
755 2637 970 2688 Faciam
1009 2645 1069 2688 ut
1106 2644 1311 2704 potero,
1350 2635 1517 2685 Laeli.
1580 2633 1756 2700 Saepe
1790 2632 1933 2683 enim

201 2729 424 2780 interfui
477 2728 728 2796 querellis
786 2727 1086 2795 aequalium
1146 2743 1388 2777 meorum
1416 2758 1493 2764 —
1519 2740 1675 2791 pares
1733 2728 1930 2785 autem,

201 2826 386 2869 vetere
418 2817 715 2885 proverbio,
751 2834 874 2869 cum
908 2816 1126 2884 paribus
1159 2815 1411 2866 facillime
1445 2820 1936 2880 congregantur-

203 2925 340 2976 quae
371 2908 433 2960 C.
463 2908 748 2972 Salinator,
779 2924 916 2975 quae
945 2906 1040 2973 Sp.
1070 2906 1323 2969 Albinus,
1351 2905 1597 2956 homines
1626 2901 1934 2954 consulares

1961 1215 2009 1243 10

1966 1661 2013 1704 15

1965 2111 2015 2138 20

1966 2556 2016 2598 25

204 2998 376 3049 nostri
407 2998 522 3049 fere
555 2998 804 3065 aequales
836 2996 1115 3063 deplorare
1149 2995 1410 3058 solebant,
1441 3002 1557 3045 tum
1587 2992 1728 3060 quod
1755 2991 1938 3056 volup·
1966 3011 2019 3052 30

204 3087 408 3139 tatibus
435 3094 697 3152 carerent,
728 3087 843 3138 sine
873 3086 1066 3156 quibus
1093 3085 1259 3138 vitam
1288 3084 1488 3138 nullam
1517 3089 1788 3153 putarent,
1818 3088 1935 3135 tum
