<?xml version="1.0" encoding="UTF-8"?>
<!DOCTYPE html PUBLIC "-//W3C//DTD XHTML 1.0 Transitional//EN"
    "http://www.w3.org/TR/xhtml1/DTD/xhtml1-transitional.dtd">
<html xmlns="http://www.w3.org/1999/xhtml" xml:lang="en" lang="en">
 <head>
  <title>
</title>
<meta http-equiv="Content-Type" content="text/html;charset=utf-8" />
  <meta name='ocr-system' content='tesseract 3.04.00' />
  <meta name='ocr-capabilities' content='ocr_page ocr_carea ocr_par ocr_line ocrx_word'/>
</head>
<body>
  <div class='ocr_page' id='page_1' title='image "./mtulliciceronisc00ciceuoft_0041.png"; bbox 0 0 2222 3496; ppageno 0'>
   <div class='ocr_carea' id='block_1_1' title="bbox 235 254 1966 318">
    <p class='ocr_par' dir='ltr' id='par_1_1' title="bbox 235 254 1966 318">
     <span class='ocr_line' id='line_1_1' title="bbox 235 254 1966 318; baseline 0.005 -23"><span class='ocrx_word' id='word_1_1' title='bbox 235 256 420 310; x_wconf 82' lang='lat' dir='ltr'><strong>XIV.46]</strong></span> <span class='ocrx_word' id='word_1_2' title='bbox 560 254 1172 299; x_wconf 89' lang='lat' dir='ltr'>COMPANIONSHIPS</span> <span class='ocrx_word' id='word_1_3' title='bbox 1214 256 1298 299; x_wconf 87' lang='lat' dir='ltr'>OF</span> <span class='ocrx_word' id='word_1_4' title='bbox 1337 257 1477 298; x_wconf 93' lang='lat' dir='ltr'>THE</span> <span class='ocrx_word' id='word_1_5' title='bbox 1518 257 1649 299; x_wconf 93' lang='lat' dir='ltr'>OLD</span> <span class='ocrx_word' id='word_1_6' title='bbox 1901 266 1966 318; x_wconf 88' lang='lat'>19</span> 
     </span>
    </p>
   </div>
   <div class='ocr_carea' id='block_1_2' title="bbox 231 389 2055 3151">
    <p class='ocr_par' dir='ltr' id='par_1_2' title="bbox 231 389 2052 2431">
     <span class='ocr_line' id='line_1_2' title="bbox 238 389 1964 456; baseline -0.001 -13"><span class='ocrx_word' id='word_1_7' title='bbox 238 391 400 443; x_wconf 84' lang='lat' dir='ltr'>Caret</span> <span class='ocrx_word' id='word_1_8' title='bbox 444 406 574 456; x_wconf 91' lang='lat' dir='ltr'>ergo</span> <span class='ocrx_word' id='word_1_9' title='bbox 617 390 780 440; x_wconf 91' lang='lat' dir='ltr'>etiam</span> <span class='ocrx_word' id='word_1_10' title='bbox 822 389 1120 440; x_wconf 82' lang='lat' dir='ltr'>vinulentia</span> <span class='ocrx_word' id='word_1_11' title='bbox 1162 398 1217 441; x_wconf 88' lang='lat' dir='ltr'>et</span> <span class='ocrx_word' id='word_1_12' title='bbox 1261 390 1526 441; x_wconf 91' lang='lat' dir='ltr'>cruditate</span> <span class='ocrx_word' id='word_1_13' title='bbox 1569 398 1624 441; x_wconf 90' lang='lat' dir='ltr'>et</span> <span class='ocrx_word' id='word_1_14' title='bbox 1667 390 1964 442; x_wconf 65' lang='lat' dir='ltr'>insomniis</span> 
     </span>
     <span class='ocr_line' id='line_1_3' title="bbox 235 479 1969 546; baseline 0.001 -14"><span class='ocrx_word' id='word_1_15' title='bbox 235 480 346 532; x_wconf 88' lang='lat' dir='ltr'>Sed</span> <span class='ocrx_word' id='word_1_16' title='bbox 380 480 424 530; x_wconf 95' lang='lat' dir='ltr'>si</span> <span class='ocrx_word' id='word_1_17' title='bbox 456 480 653 546; x_wconf 91' lang='lat' dir='ltr'>aliquid</span> <span class='ocrx_word' id='word_1_18' title='bbox 685 479 920 530; x_wconf 92' lang='lat' dir='ltr'>dandum</span> <span class='ocrx_word' id='word_1_19' title='bbox 956 488 1039 530; x_wconf 90' lang='lat' dir='ltr'>est</span> <span class='ocrx_word' id='word_1_20' title='bbox 1073 479 1351 546; x_wconf 88' lang='lat' dir='ltr'>voluptati,</span> <span class='ocrx_word' id='word_1_21' title='bbox 1388 480 1638 546; x_wconf 91' lang='lat' dir='ltr'>quoniam</span> <span class='ocrx_word' id='word_1_22' title='bbox 1675 481 1790 531; x_wconf 90' lang='lat' dir='ltr'>eius</span> <span class='ocrx_word' id='word_1_23' title='bbox 1821 480 1969 533; x_wconf 91' lang='lat' dir='ltr'>blan-</span> 
     </span>
     <span class='ocr_line' id='line_1_4' title="bbox 232 568 1965 632; baseline 0 -11"><span class='ocrx_word' id='word_1_24' title='bbox 232 570 376 622; x_wconf 91' lang='lat' dir='ltr'>ditiis</span> <span class='ocrx_word' id='word_1_25' title='bbox 414 586 523 620; x_wconf 93' lang='lat' dir='ltr'>non</span> <span class='ocrx_word' id='word_1_26' title='bbox 559 568 717 619; x_wconf 81' lang='lat' dir='ltr'>facile</span> <span class='ocrx_word' id='word_1_27' title='bbox 755 568 1084 632; x_wconf 76' lang='lat' dir='ltr'>obsistimUS,</span> <span class='ocrx_word' id='word_1_28' title='bbox 1108 569 1378 620; x_wconf 90' lang='lat' dir='ltr'>——divine</span> <span class='ocrx_word' id='word_1_29' title='bbox 1415 570 1558 620; x_wconf 91' lang='lat' dir='ltr'>enim</span> <span class='ocrx_word' id='word_1_30' title='bbox 1598 570 1749 621; x_wconf 90' lang='lat' dir='ltr'>Plato</span> <span class='ocrx_word' id='word_1_31' title='bbox 1785 586 1965 621; x_wconf 90' lang='lat' dir='ltr'>escam</span> 
     </span>
     <span class='ocr_line' id='line_1_5' title="bbox 233 658 1968 733; baseline -0.001 -22"><span class='ocrx_word' id='word_1_32' title='bbox 233 660 495 711; x_wconf 91' lang='lat' dir='ltr'>malorum</span> <span class='ocrx_word' id='word_1_33' title='bbox 541 658 775 725; x_wconf 91' lang='lat' dir='ltr'>appellat</span> <span class='ocrx_word' id='word_1_34' title='bbox 818 659 1166 733; x_wconf 90' lang='lat' dir='ltr'>voluptatem,</span> <span class='ocrx_word' id='word_1_35' title='bbox 1213 659 1355 726; x_wconf 89' lang='lat' dir='ltr'>quod</span> <span class='ocrx_word' id='word_1_36' title='bbox 1402 675 1466 710; x_wconf 90' lang='lat' dir='ltr'>ea</span> <span class='ocrx_word' id='word_1_37' title='bbox 1507 659 1754 711; x_wconf 86' lang='lat' dir='ltr'>videlicet</span> <span class='ocrx_word' id='word_1_38' title='bbox 1801 660 1968 711; x_wconf 91' lang='lat' dir='ltr'>homi-</span> 
     </span>
     <span class='ocr_line' id='line_1_6' title="bbox 232 748 2049 816; baseline 0 -16"><span class='ocrx_word' id='word_1_39' title='bbox 232 766 330 800; x_wconf 91' lang='lat' dir='ltr'>nes</span> <span class='ocrx_word' id='word_1_40' title='bbox 358 749 639 815; x_wconf 83' lang='lat' dir='ltr'>capiantur</span> <span class='ocrx_word' id='word_1_41' title='bbox 666 756 726 799; x_wconf 91' lang='lat' dir='ltr'>ut</span> <span class='ocrx_word' id='word_1_42' title='bbox 754 748 1032 815; x_wconf 81' lang='lat' dir='ltr'>pisceS,—</span> <span class='ocrx_word' id='word_1_43' title='bbox 1049 765 1371 815; x_wconf 89' lang='lat' dir='ltr'>quamquam</span> <span class='ocrx_word' id='word_1_44' title='bbox 1400 749 1766 800; x_wconf 84' lang='lat' dir='ltr'>immoderatis</span> <span class='ocrx_word' id='word_1_45' title='bbox 1794 750 1964 816; x_wconf 89' lang='lat' dir='ltr'>epulis</span> <span class='ocrx_word' id='word_1_46' title='bbox 2027 764 2049 807; x_wconf 83' lang='lat'><strong>5</strong></span> 
     </span>
     <span class='ocr_line' id='line_1_7' title="bbox 232 838 1960 906; baseline -0.001 -17"><span class='ocrx_word' id='word_1_47' title='bbox 232 846 378 890; x_wconf 90' lang='lat' dir='ltr'>caret</span> <span class='ocrx_word' id='word_1_48' title='bbox 412 845 681 901; x_wconf 78' lang='lat' dir='ltr'>senectUS,</span> <span class='ocrx_word' id='word_1_49' title='bbox 712 838 936 889; x_wconf 90' lang='lat' dir='ltr'>modicis</span> <span class='ocrx_word' id='word_1_50' title='bbox 970 846 1153 889; x_wconf 88' lang='lat' dir='ltr'>tamen</span> <span class='ocrx_word' id='word_1_51' title='bbox 1187 838 1441 889; x_wconf 89' lang='lat' dir='ltr'>conviviis</span> <span class='ocrx_word' id='word_1_52' title='bbox 1474 839 1730 890; x_wconf 89' lang='lat' dir='ltr'>delectari</span> <span class='ocrx_word' id='word_1_53' title='bbox 1762 847 1960 906; x_wconf 90' lang='lat' dir='ltr'>potest.</span> 
     </span>
     <span class='ocr_line' id='line_1_8' title="bbox 235 927 1968 995; baseline -0.001 -15"><span class='ocrx_word' id='word_1_54' title='bbox 235 929 297 980; x_wconf 89' lang='lat' dir='ltr'>C.</span> <span class='ocrx_word' id='word_1_55' title='bbox 328 927 620 991; x_wconf 83' lang='lat' dir='ltr'>Duellium,</span> <span class='ocrx_word' id='word_1_56' title='bbox 655 928 824 978; x_wconf 89' lang='lat' dir='ltr'>Marci</span> <span class='ocrx_word' id='word_1_57' title='bbox 858 927 1041 991; x_wconf 89' lang='lat' dir='ltr'>filium,</span> <span class='ocrx_word' id='word_1_58' title='bbox 1079 928 1168 995; x_wconf 91' lang='lat' dir='ltr'>qui</span> <span class='ocrx_word' id='word_1_59' title='bbox 1198 928 1406 979; x_wconf 90' lang='lat' dir='ltr'>Poenos</span> <span class='ocrx_word' id='word_1_60' title='bbox 1439 928 1611 979; x_wconf 89' lang='lat' dir='ltr'>classe</span> <span class='ocrx_word' id='word_1_61' title='bbox 1643 929 1847 995; x_wconf 91' lang='lat' dir='ltr'>primus</span> <span class='ocrx_word' id='word_1_62' title='bbox 1879 929 1968 979; x_wconf 91' lang='lat' dir='ltr'>de-</span> 
     </span>
     <span class='ocr_line' id='line_1_9' title="bbox 231 1018 1965 1085; baseline -0.001 -16"><span class='ocrx_word' id='word_1_63' title='bbox 231 1018 447 1081; x_wconf 90' lang='lat' dir='ltr'>vicerat,</span> <span class='ocrx_word' id='word_1_64' title='bbox 488 1018 806 1068; x_wconf 88' lang='lat' dir='ltr'>redeuntem</span> <span class='ocrx_word' id='word_1_65' title='bbox 844 1034 875 1068; x_wconf 92' lang='lat' dir='ltr'>a</span> <span class='ocrx_word' id='word_1_66' title='bbox 911 1034 1045 1068; x_wconf 92' lang='lat' dir='ltr'>cena</span> <span class='ocrx_word' id='word_1_67' title='bbox 1086 1034 1270 1068; x_wconf 93' lang='lat' dir='ltr'>senem</span> <span class='ocrx_word' id='word_1_68' title='bbox 1313 1035 1473 1085; x_wconf 86' lang='lat' dir='ltr'>saepe</span> <span class='ocrx_word' id='word_1_69' title='bbox 1513 1018 1760 1070; x_wconf 88' lang='lat' dir='ltr'>videbam</span> <span class='ocrx_word' id='word_1_70' title='bbox 1800 1035 1933 1085; x_wconf 88' lang='lat' dir='ltr'>puer</span> <span class='ocrx_word' id='word_1_71' title='bbox 1954 1037 1965 1083; x_wconf 93' lang='lat'>;</span> 
     </span>
     <span class='ocr_line' id='line_1_10' title="bbox 231 1107 1967 1174; baseline 0 -15"><span class='ocrx_word' id='word_1_72' title='bbox 231 1107 601 1159; x_wconf 87' lang='lat' dir='ltr'>delectabatur</span> <span class='ocrx_word' id='word_1_73' title='bbox 637 1123 793 1158; x_wconf 91' lang='lat' dir='ltr'>cereo</span> <span class='ocrx_word' id='word_1_74' title='bbox 830 1107 998 1158; x_wconf 80' lang='lat' dir='ltr'>funali</span> <span class='ocrx_word' id='word_1_75' title='bbox 1035 1115 1089 1158; x_wconf 89' lang='lat' dir='ltr'>et</span> <span class='ocrx_word' id='word_1_76' title='bbox 1126 1107 1359 1170; x_wconf 85' lang='lat' dir='ltr'>tibicine,</span> <span class='ocrx_word' id='word_1_77' title='bbox 1396 1125 1532 1174; x_wconf 91' lang='lat' dir='ltr'>quae</span> <span class='ocrx_word' id='word_1_78' title='bbox 1569 1108 1670 1159; x_wconf 91' lang='lat' dir='ltr'>sibi</span> <span class='ocrx_word' id='word_1_79' title='bbox 1703 1109 1850 1159; x_wconf 92' lang='lat' dir='ltr'>nullo</span> <span class='ocrx_word' id='word_1_80' title='bbox 1883 1125 1967 1159; x_wconf 84' lang='lat' dir='ltr'>ex-</span> 
     </span>
     <span class='ocr_line' id='line_1_11' title="bbox 231 1197 2050 1265; baseline 0.001 -16"><span class='ocrx_word' id='word_1_81' title='bbox 231 1198 409 1265; x_wconf 90' lang='lat' dir='ltr'>emplo</span> <span class='ocrx_word' id='word_1_82' title='bbox 437 1197 676 1264; x_wconf 87' lang='lat' dir='ltr'>privatus</span> <span class='ocrx_word' id='word_1_83' title='bbox 705 1205 1009 1263; x_wconf 84' lang='lat' dir='ltr'>sumpserat</span> <span class='ocrx_word' id='word_1_84' title='bbox 1031 1215 1043 1260; x_wconf 91' lang='lat'>;</span> <span class='ocrx_word' id='word_1_85' title='bbox 1076 1205 1290 1247; x_wconf 92' lang='lat' dir='ltr'>tantum</span> <span class='ocrx_word' id='word_1_86' title='bbox 1318 1198 1564 1249; x_wconf 89' lang='lat' dir='ltr'>licentiae</span> <span class='ocrx_word' id='word_1_87' title='bbox 1591 1198 1753 1249; x_wconf 90' lang='lat' dir='ltr'>dabat</span> <span class='ocrx_word' id='word_1_88' title='bbox 1781 1199 1964 1265; x_wconf 88' lang='lat' dir='ltr'>gloria.</span> <span class='ocrx_word' id='word_1_89' title='bbox 2000 1221 2050 1250; x_wconf 91' lang='lat'>10</span> 
     </span>
     <span class='ocr_line' id='line_1_12' title="bbox 231 1286 1964 1353; baseline -0.001 -13"><span class='ocrx_word' id='word_1_90' title='bbox 231 1295 312 1340; x_wconf 88' lang='lat'>45.</span> <span class='ocrx_word' id='word_1_91' title='bbox 356 1287 464 1338; x_wconf 87' lang='lat' dir='ltr'>Sed</span> <span class='ocrx_word' id='word_1_92' title='bbox 514 1287 641 1353; x_wconf 90' lang='lat' dir='ltr'>quid</span> <span class='ocrx_word' id='word_1_93' title='bbox 688 1303 790 1352; x_wconf 87' lang='lat' dir='ltr'>ego</span> <span class='ocrx_word' id='word_1_94' title='bbox 837 1286 1007 1338; x_wconf 90' lang='lat' dir='ltr'>alios?</span> <span class='ocrx_word' id='word_1_95' title='bbox 1088 1286 1179 1337; x_wconf 87' lang='lat' dir='ltr'>Ad</span> <span class='ocrx_word' id='word_1_96' title='bbox 1222 1303 1307 1337; x_wconf 90' lang='lat' dir='ltr'>me</span> <span class='ocrx_word' id='word_1_97' title='bbox 1348 1287 1523 1353; x_wconf 89' lang='lat' dir='ltr'>ipsum</span> <span class='ocrx_word' id='word_1_98' title='bbox 1565 1288 1669 1338; x_wconf 91' lang='lat' dir='ltr'>iam</span> <span class='ocrx_word' id='word_1_99' title='bbox 1710 1296 1964 1339; x_wconf 86' lang='lat' dir='ltr'>revertar.</span> 
     </span>
     <span class='ocr_line' id='line_1_13' title="bbox 234 1376 1966 1443; baseline 0.001 -15"><span class='ocrx_word' id='word_1_100' title='bbox 234 1378 470 1428; x_wconf 89' lang='lat' dir='ltr'>Primum</span> <span class='ocrx_word' id='word_1_101' title='bbox 517 1376 680 1427; x_wconf 88' lang='lat' dir='ltr'>habui</span> <span class='ocrx_word' id='word_1_102' title='bbox 727 1393 942 1443; x_wconf 89' lang='lat' dir='ltr'>semper</span> <span class='ocrx_word' id='word_1_103' title='bbox 989 1376 1203 1427; x_wconf 84' lang='lat' dir='ltr'>sodaliS.</span> <span class='ocrx_word' id='word_1_104' title='bbox 1282 1376 1607 1428; x_wconf 86' lang='lat' dir='ltr'>Sodalitates</span> <span class='ocrx_word' id='word_1_105' title='bbox 1654 1386 1836 1429; x_wconf 91' lang='lat' dir='ltr'>autem</span> <span class='ocrx_word' id='word_1_106' title='bbox 1879 1395 1966 1429; x_wconf 91' lang='lat' dir='ltr'>me</span> 
     </span>
     <span class='ocr_line' id='line_1_14' title="bbox 233 1466 1966 1535; baseline 0 -17"><span class='ocrx_word' id='word_1_107' title='bbox 233 1474 518 1535; x_wconf 90' lang='lat' dir='ltr'>quaestore</span> <span class='ocrx_word' id='word_1_108' title='bbox 551 1466 880 1516; x_wconf 92' lang='lat' dir='ltr'>constitutae</span> <span class='ocrx_word' id='word_1_109' title='bbox 915 1474 1057 1530; x_wconf 92' lang='lat' dir='ltr'>sunt,</span> <span class='ocrx_word' id='word_1_110' title='bbox 1096 1466 1260 1517; x_wconf 89' lang='lat' dir='ltr'>sacris</span> <span class='ocrx_word' id='word_1_111' title='bbox 1297 1467 1472 1517; x_wconf 92' lang='lat' dir='ltr'>Idaeis</span> <span class='ocrx_word' id='word_1_112' title='bbox 1508 1467 1742 1534; x_wconf 85' lang='lat' dir='ltr'>Magnae</span> <span class='ocrx_word' id='word_1_113' title='bbox 1773 1469 1966 1518; x_wconf 89' lang='lat' dir='ltr'>Matris</span> 
     </span>
     <span class='ocr_line' id='line_1_15' title="bbox 231 1556 1966 1623; baseline 0 -15"><span class='ocrx_word' id='word_1_114' title='bbox 231 1557 484 1623; x_wconf 80' lang='lat' dir='ltr'>acceptis,</span> <span class='ocrx_word' id='word_1_115' title='bbox 541 1556 815 1622; x_wconf 91' lang='lat' dir='ltr'>Epulabar</span> <span class='ocrx_word' id='word_1_116' title='bbox 843 1556 1007 1622; x_wconf 93' lang='lat' dir='ltr'>igitur</span> <span class='ocrx_word' id='word_1_117' title='bbox 1039 1573 1162 1607; x_wconf 91' lang='lat' dir='ltr'>cum</span> <span class='ocrx_word' id='word_1_118' title='bbox 1198 1556 1469 1608; x_wconf 90' lang='lat' dir='ltr'>sodalibus</span> <span class='ocrx_word' id='word_1_119' title='bbox 1496 1558 1715 1608; x_wconf 88' lang='lat' dir='ltr'>omnino</span> <span class='ocrx_word' id='word_1_120' title='bbox 1742 1558 1966 1622; x_wconf 87' lang='lat' dir='ltr'>modice,</span> 
     </span>
     <span class='ocr_line' id='line_1_16' title="bbox 233 1645 2049 1713; baseline -0.001 -15"><span class='ocrx_word' id='word_1_121' title='bbox 233 1647 328 1698; x_wconf 90' lang='lat' dir='ltr'>sed</span> <span class='ocrx_word' id='word_1_122' title='bbox 365 1654 479 1697; x_wconf 92' lang='lat' dir='ltr'>erat</span> <span class='ocrx_word' id='word_1_123' title='bbox 518 1645 733 1712; x_wconf 91' lang='lat' dir='ltr'>quidam</span> <span class='ocrx_word' id='word_1_124' title='bbox 770 1645 950 1696; x_wconf 79' lang='lat' dir='ltr'>fervor</span> <span class='ocrx_word' id='word_1_125' title='bbox 986 1646 1195 1710; x_wconf 80' lang='lat' dir='ltr'>aetatiS,</span> <span class='ocrx_word' id='word_1_126' title='bbox 1233 1663 1338 1713; x_wconf 91' lang='lat' dir='ltr'>qua</span> <span class='ocrx_word' id='word_1_127' title='bbox 1373 1648 1753 1713; x_wconf 82' lang='lat' dir='ltr'>progrediente</span> <span class='ocrx_word' id='word_1_128' title='bbox 1790 1647 1967 1698; x_wconf 92' lang='lat' dir='ltr'>omnia</span> <span class='ocrx_word' id='word_1_129' title='bbox 2003 1667 2049 1709; x_wconf 86' lang='lat'>15</span> 
     </span>
     <span class='ocr_line' id='line_1_17' title="bbox 233 1736 1967 1803; baseline 0 -15"><span class='ocrx_word' id='word_1_130' title='bbox 233 1737 371 1788; x_wconf 91' lang='lat' dir='ltr'>fiunt</span> <span class='ocrx_word' id='word_1_131' title='bbox 400 1736 454 1786; x_wconf 92' lang='lat' dir='ltr'>in</span> <span class='ocrx_word' id='word_1_132' title='bbox 481 1736 596 1786; x_wconf 92' lang='lat' dir='ltr'>dies</span> <span class='ocrx_word' id='word_1_133' title='bbox 631 1736 859 1786; x_wconf 90' lang='lat' dir='ltr'>mitiora.</span> <span class='ocrx_word' id='word_1_134' title='bbox 924 1736 1118 1803; x_wconf 87' lang='lat' dir='ltr'>Neque</span> <span class='ocrx_word' id='word_1_135' title='bbox 1153 1736 1297 1787; x_wconf 90' lang='lat' dir='ltr'>enim</span> <span class='ocrx_word' id='word_1_136' title='bbox 1331 1736 1569 1803; x_wconf 89' lang='lat' dir='ltr'>ipsorum</span> <span class='ocrx_word' id='word_1_137' title='bbox 1603 1738 1967 1788; x_wconf 89' lang='lat' dir='ltr'>conviviorum</span> 
     </span>
     <span class='ocr_line' id='line_1_18' title="bbox 232 1826 1967 1895; baseline 0 -17"><span class='ocrx_word' id='word_1_138' title='bbox 232 1826 647 1878; x_wconf 90' lang='lat' dir='ltr'>delectationem</span> <span class='ocrx_word' id='word_1_139' title='bbox 691 1826 1059 1892; x_wconf 90' lang='lat' dir='ltr'>voluptatibus</span> <span class='ocrx_word' id='word_1_140' title='bbox 1103 1827 1340 1893; x_wconf 88' lang='lat' dir='ltr'>corporis</span> <span class='ocrx_word' id='word_1_141' title='bbox 1388 1828 1560 1894; x_wconf 92' lang='lat' dir='ltr'>magis</span> <span class='ocrx_word' id='word_1_142' title='bbox 1604 1845 1764 1895; x_wconf 91' lang='lat' dir='ltr'>quam</span> <span class='ocrx_word' id='word_1_143' title='bbox 1809 1835 1967 1879; x_wconf 89' lang='lat' dir='ltr'>coetu</span> 
     </span>
     <span class='ocr_line' id='line_1_19' title="bbox 232 1915 1967 1969; baseline 0.001 -2"><span class='ocrx_word' id='word_1_144' title='bbox 232 1917 525 1967; x_wconf 89' lang='lat' dir='ltr'>amicorum</span> <span class='ocrx_word' id='word_1_145' title='bbox 564 1923 620 1966; x_wconf 91' lang='lat' dir='ltr'>et</span> <span class='ocrx_word' id='word_1_146' title='bbox 657 1915 995 1966; x_wconf 87' lang='lat' dir='ltr'>sermonibus</span> <span class='ocrx_word' id='word_1_147' title='bbox 1032 1916 1311 1968; x_wconf 89' lang='lat' dir='ltr'>metiebar.</span> <span class='ocrx_word' id='word_1_148' title='bbox 1375 1917 1522 1968; x_wconf 91' lang='lat' dir='ltr'>Bene</span> <span class='ocrx_word' id='word_1_149' title='bbox 1559 1918 1701 1968; x_wconf 91' lang='lat' dir='ltr'>enim</span> <span class='ocrx_word' id='word_1_150' title='bbox 1739 1917 1967 1969; x_wconf 91' lang='lat' dir='ltr'>maiores</span> 
     </span>
     <span class='ocr_line' id='line_1_20' title="bbox 233 1995 1970 2074; baseline 0.001 -17"><span class='ocrx_word' id='word_1_151' title='bbox 233 2005 625 2057; x_wconf 89' lang='lat' dir='ltr'>accubitionem</span> <span class='ocrx_word' id='word_1_152' title='bbox 673 1995 947 2072; x_wconf 85' lang='lat' dir='ltr'>epularem</span> <span class='ocrx_word' id='word_1_153' title='bbox 999 2007 1307 2071; x_wconf 91' lang='lat' dir='ltr'>amicorum,</span> <span class='ocrx_word' id='word_1_154' title='bbox 1358 2007 1482 2074; x_wconf 90' lang='lat' dir='ltr'>quia</span> <span class='ocrx_word' id='word_1_155' title='bbox 1526 2008 1668 2058; x_wconf 89' lang='lat' dir='ltr'>vitae</span> <span class='ocrx_word' id='word_1_156' title='bbox 1722 2008 1970 2059; x_wconf 91' lang='lat' dir='ltr'>coniunc-</span> 
     </span>
     <span class='ocr_line' id='line_1_21' title="bbox 234 2095 2052 2164; baseline -0.002 -17"><span class='ocrx_word' id='word_1_157' title='bbox 234 2096 436 2147; x_wconf 88' lang='lat' dir='ltr'>tionem</span> <span class='ocrx_word' id='word_1_158' title='bbox 472 2095 712 2159; x_wconf 90' lang='lat' dir='ltr'>haberet,</span> <span class='ocrx_word' id='word_1_159' title='bbox 752 2095 1056 2146; x_wconf 86' lang='lat' dir='ltr'>convivium</span> <span class='ocrx_word' id='word_1_160' title='bbox 1098 2097 1541 2161; x_wconf 83' lang='lat' dir='ltr'>nominaverunt3</span> <span class='ocrx_word' id='word_1_161' title='bbox 1579 2097 1771 2148; x_wconf 92' lang='lat' dir='ltr'>melius</span> <span class='ocrx_word' id='word_1_162' title='bbox 1808 2114 1965 2164; x_wconf 91' lang='lat' dir='ltr'>quam</span> <span class='ocrx_word' id='word_1_163' title='bbox 2000 2117 2052 2144; x_wconf 92' lang='lat'>20</span> 
     </span>
     <span class='ocr_line' id='line_1_22' title="bbox 236 2174 1970 2252; baseline 0 -15"><span class='ocrx_word' id='word_1_164' title='bbox 236 2185 430 2238; x_wconf 90' lang='lat' dir='ltr'>Graeci</span> <span class='ocrx_word' id='word_1_165' title='bbox 466 2185 558 2252; x_wconf 92' lang='lat' dir='ltr'>qui</span> <span class='ocrx_word' id='word_1_166' title='bbox 594 2185 697 2236; x_wconf 94' lang='lat' dir='ltr'>hoc</span> <span class='ocrx_word' id='word_1_167' title='bbox 734 2185 876 2235; x_wconf 90' lang='lat' dir='ltr'>idem</span> <span class='ocrx_word' id='word_1_168' title='bbox 914 2193 1030 2236; x_wconf 91' lang='lat' dir='ltr'>tum</span> <span class='ocrx_word' id='word_1_169' title='bbox 1068 2174 1524 2252; x_wconf 91' lang='lat' dir='ltr'>compotationem</span> <span class='ocrx_word' id='word_1_170' title='bbox 1562 2194 1679 2237; x_wconf 93' lang='lat' dir='ltr'>tum</span> <span class='ocrx_word' id='word_1_171' title='bbox 1712 2203 1970 2238; x_wconf 90' lang='lat' dir='ltr'>concena-</span> 
     </span>
     <span class='ocr_line' id='line_1_23' title="bbox 235 2275 1968 2342; baseline 0 -15"><span class='ocrx_word' id='word_1_172' title='bbox 235 2276 436 2327; x_wconf 90' lang='lat' dir='ltr'>tionem</span> <span class='ocrx_word' id='word_1_173' title='bbox 473 2282 704 2338; x_wconf 83' lang='lat' dir='ltr'>vocant3</span> <span class='ocrx_word' id='word_1_174' title='bbox 751 2282 812 2325; x_wconf 92' lang='lat' dir='ltr'>ut</span> <span class='ocrx_word' id='word_1_175' title='bbox 851 2275 992 2342; x_wconf 91' lang='lat' dir='ltr'>quod</span> <span class='ocrx_word' id='word_1_176' title='bbox 1030 2275 1085 2325; x_wconf 89' lang='lat' dir='ltr'>in</span> <span class='ocrx_word' id='word_1_177' title='bbox 1121 2291 1186 2325; x_wconf 93' lang='lat' dir='ltr'>eo</span> <span class='ocrx_word' id='word_1_178' title='bbox 1226 2291 1426 2341; x_wconf 86' lang='lat' dir='ltr'>genere</span> <span class='ocrx_word' id='word_1_179' title='bbox 1466 2276 1747 2327; x_wconf 87' lang='lat' dir='ltr'>minimum</span> <span class='ocrx_word' id='word_1_180' title='bbox 1788 2283 1872 2327; x_wconf 87' lang='lat' dir='ltr'>est</span> <span class='ocrx_word' id='word_1_181' title='bbox 1915 2276 1968 2327; x_wconf 90' lang='lat' dir='ltr'>id</span> 
     </span>
     <span class='ocr_line' id='line_1_24' title="bbox 235 2364 1072 2431; baseline 0 -15"><span class='ocrx_word' id='word_1_182' title='bbox 235 2365 464 2416; x_wconf 83' lang='lat' dir='ltr'>maxime</span> <span class='ocrx_word' id='word_1_183' title='bbox 505 2364 733 2431; x_wconf 88' lang='lat' dir='ltr'>probare</span> <span class='ocrx_word' id='word_1_184' title='bbox 773 2365 1072 2416; x_wconf 89' lang='lat' dir='ltr'>videantur.</span> 
     </span>
    </p>

    <p class='ocr_par' dir='ltr' id='par_1_3' title="bbox 234 2454 2055 3151">
     <span class='ocr_line' id='line_1_25' title="bbox 310 2454 1968 2522; baseline 0.001 -17"><span class='ocrx_word' id='word_1_185' title='bbox 310 2460 444 2506; x_wconf 89' lang='lat' dir='ltr'><strong>XIV.</strong></span> <span class='ocrx_word' id='word_1_186' title='bbox 485 2461 566 2507; x_wconf 87' lang='lat'>46.</span> <span class='ocrx_word' id='word_1_187' title='bbox 611 2454 731 2521; x_wconf 87' lang='lat' dir='ltr'>Ego</span> <span class='ocrx_word' id='word_1_188' title='bbox 783 2471 912 2505; x_wconf 88' lang='lat' dir='ltr'>vero</span> <span class='ocrx_word' id='word_1_189' title='bbox 964 2463 1185 2522; x_wconf 92' lang='lat' dir='ltr'>propter</span> <span class='ocrx_word' id='word_1_190' title='bbox 1238 2456 1501 2507; x_wconf 90' lang='lat' dir='ltr'>sermonis</span> <span class='ocrx_word' id='word_1_191' title='bbox 1554 2455 1968 2507; x_wconf 90' lang='lat' dir='ltr'>delectationem</span> 
     </span>
     <span class='ocr_line' id='line_1_26' title="bbox 235 2544 2052 2613; baseline -0.001 -18"><span class='ocrx_word' id='word_1_192' title='bbox 235 2544 573 2611; x_wconf 87' lang='lat' dir='ltr'>tempestivis</span> <span class='ocrx_word' id='word_1_193' title='bbox 611 2561 824 2611; x_wconf 89' lang='lat' dir='ltr'>quoque</span> <span class='ocrx_word' id='word_1_194' title='bbox 861 2544 1117 2595; x_wconf 87' lang='lat' dir='ltr'>conviviis</span> <span class='ocrx_word' id='word_1_195' title='bbox 1153 2545 1407 2609; x_wconf 90' lang='lat' dir='ltr'>delector,</span> <span class='ocrx_word' id='word_1_196' title='bbox 1447 2563 1547 2597; x_wconf 90' lang='lat' dir='ltr'>nec</span> <span class='ocrx_word' id='word_1_197' title='bbox 1585 2563 1706 2597; x_wconf 90' lang='lat' dir='ltr'>cum</span> <span class='ocrx_word' id='word_1_198' title='bbox 1743 2545 1971 2613; x_wconf 85' lang='lat' dir='ltr'>aequali·</span> <span class='ocrx_word' id='word_1_199' title='bbox 2001 2565 2052 2608; x_wconf 86' lang='lat'>25</span> 
     </span>
     <span class='ocr_line' id='line_1_27' title="bbox 235 2633 1971 2701; baseline 0.002 -17"><span class='ocrx_word' id='word_1_200' title='bbox 235 2635 336 2685; x_wconf 90' lang='lat' dir='ltr'>bus</span> <span class='ocrx_word' id='word_1_201' title='bbox 375 2634 563 2698; x_wconf 91' lang='lat' dir='ltr'>solum,</span> <span class='ocrx_word' id='word_1_202' title='bbox 600 2634 691 2701; x_wconf 93' lang='lat' dir='ltr'>qui</span> <span class='ocrx_word' id='word_1_203' title='bbox 722 2633 879 2700; x_wconf 91' lang='lat' dir='ltr'>pauci</span> <span class='ocrx_word' id='word_1_204' title='bbox 915 2633 1202 2685; x_wconf 92' lang='lat' dir='ltr'>admodum</span> <span class='ocrx_word' id='word_1_205' title='bbox 1240 2643 1465 2700; x_wconf 91' lang='lat' dir='ltr'>restant,</span> <span class='ocrx_word' id='word_1_206' title='bbox 1502 2636 1597 2686; x_wconf 92' lang='lat' dir='ltr'>sed</span> <span class='ocrx_word' id='word_1_207' title='bbox 1634 2653 1756 2687; x_wconf 93' lang='lat' dir='ltr'>cum</span> <span class='ocrx_word' id='word_1_208' title='bbox 1790 2644 1971 2687; x_wconf 88' lang='lat' dir='ltr'>vestra</span> 
     </span>
     <span class='ocr_line' id='line_1_28' title="bbox 235 2723 1972 2792; baseline 0.002 -18"><span class='ocrx_word' id='word_1_209' title='bbox 235 2724 398 2774; x_wconf 93' lang='lat' dir='ltr'>etiam</span> <span class='ocrx_word' id='word_1_210' title='bbox 438 2731 618 2775; x_wconf 90' lang='lat' dir='ltr'>aetate</span> <span class='ocrx_word' id='word_1_211' title='bbox 658 2731 822 2790; x_wconf 90' lang='lat' dir='ltr'>atque</span> <span class='ocrx_word' id='word_1_212' title='bbox 858 2723 1152 2788; x_wconf 90' lang='lat' dir='ltr'>vobiscum,</span> <span class='ocrx_word' id='word_1_213' title='bbox 1197 2724 1476 2792; x_wconf 91' lang='lat' dir='ltr'>habeoque</span> <span class='ocrx_word' id='word_1_214' title='bbox 1518 2726 1787 2777; x_wconf 90' lang='lat' dir='ltr'>senectuti</span> <span class='ocrx_word' id='word_1_215' title='bbox 1828 2742 1972 2792; x_wconf 89' lang='lat' dir='ltr'>mag-</span> 
     </span>
     <span class='ocr_line' id='line_1_29' title="bbox 235 2813 1973 2882; baseline 0.002 -19"><span class='ocrx_word' id='word_1_216' title='bbox 235 2830 360 2864; x_wconf 90' lang='lat' dir='ltr'>nam</span> <span class='ocrx_word' id='word_1_217' title='bbox 393 2813 636 2880; x_wconf 90' lang='lat' dir='ltr'>gratiam,</span> <span class='ocrx_word' id='word_1_218' title='bbox 667 2829 804 2881; x_wconf 90' lang='lat' dir='ltr'>quae</span> <span class='ocrx_word' id='word_1_219' title='bbox 838 2814 968 2864; x_wconf 89' lang='lat' dir='ltr'>mihi</span> <span class='ocrx_word' id='word_1_220' title='bbox 1001 2815 1263 2865; x_wconf 90' lang='lat' dir='ltr'>sermonis</span> <span class='ocrx_word' id='word_1_221' title='bbox 1296 2815 1608 2866; x_wconf 88' lang='lat' dir='ltr'>aviditatem</span> <span class='ocrx_word' id='word_1_222' title='bbox 1641 2815 1802 2879; x_wconf 83' lang='lat' dir='ltr'>auxit,</span> <span class='ocrx_word' id='word_1_223' title='bbox 1839 2815 1973 2882; x_wconf 92' lang='lat' dir='ltr'>poti-</span> 
     </span>
     <span class='ocr_line' id='line_1_30' title="bbox 235 2902 1967 2971; baseline 0.001 -18"><span class='ocrx_word' id='word_1_224' title='bbox 235 2903 352 2954; x_wconf 89' lang='lat' dir='ltr'>onis</span> <span class='ocrx_word' id='word_1_225' title='bbox 380 2910 435 2954; x_wconf 89' lang='lat' dir='ltr'>et</span> <span class='ocrx_word' id='word_1_226' title='bbox 464 2903 563 2954; x_wconf 89' lang='lat' dir='ltr'>cibi</span> <span class='ocrx_word' id='word_1_227' title='bbox 599 2902 833 2955; x_wconf 90' lang='lat' dir='ltr'>sustulit.</span> <span class='ocrx_word' id='word_1_228' title='bbox 892 2902 1053 2970; x_wconf 77' lang='lat' dir='ltr'>Quod</span> <span class='ocrx_word' id='word_1_229' title='bbox 1082 2904 1127 2954; x_wconf 88' lang='lat' dir='ltr'>si</span> <span class='ocrx_word' id='word_1_230' title='bbox 1155 2921 1315 2971; x_wconf 90' lang='lat' dir='ltr'>quem</span> <span class='ocrx_word' id='word_1_231' title='bbox 1348 2905 1510 2955; x_wconf 91' lang='lat' dir='ltr'>etiam</span> <span class='ocrx_word' id='word_1_232' title='bbox 1545 2905 1649 2955; x_wconf 89' lang='lat' dir='ltr'>ista</span> <span class='ocrx_word' id='word_1_233' title='bbox 1679 2904 1967 2968; x_wconf 90' lang='lat' dir='ltr'>delectant,</span> 
     </span>
     <span class='ocr_line' id='line_1_31' title="bbox 235 2992 2055 3061; baseline -0.001 -18"><span class='ocrx_word' id='word_1_234' title='bbox 235 3009 304 3043; x_wconf 90' lang='lat' dir='ltr'>ne</span> <span class='ocrx_word' id='word_1_235' title='bbox 346 2993 565 3043; x_wconf 92' lang='lat' dir='ltr'>omnino</span> <span class='ocrx_word' id='word_1_236' title='bbox 607 2992 809 3044; x_wconf 91' lang='lat' dir='ltr'>bellum</span> <span class='ocrx_word' id='word_1_237' title='bbox 853 2993 1107 3044; x_wconf 86' lang='lat' dir='ltr'>indixisse</span> <span class='ocrx_word' id='word_1_238' title='bbox 1150 2994 1331 3044; x_wconf 91' lang='lat' dir='ltr'>videar</span> <span class='ocrx_word' id='word_1_239' title='bbox 1372 2994 1650 3061; x_wconf 86' lang='lat' dir='ltr'>voluptati,</span> <span class='ocrx_word' id='word_1_240' title='bbox 1694 2994 1845 3045; x_wconf 88' lang='lat' dir='ltr'>cuius</span> <span class='ocrx_word' id='word_1_241' title='bbox 1886 3001 1970 3044; x_wconf 92' lang='lat' dir='ltr'>est</span> <span class='ocrx_word' id='word_1_242' title='bbox 2002 3015 2055 3055; x_wconf 89' lang='lat'>30</span> 
     </span>
     <span class='ocr_line' id='line_1_32' title="bbox 234 3082 1971 3151; baseline 0.001 -18"><span class='ocrx_word' id='word_1_243' title='bbox 234 3082 467 3133; x_wconf 80' lang='lat' dir='ltr'>fortasse</span> <span class='ocrx_word' id='word_1_244' title='bbox 514 3083 728 3150; x_wconf 90' lang='lat' dir='ltr'>quidam</span> <span class='ocrx_word' id='word_1_245' title='bbox 782 3083 1040 3134; x_wconf 87' lang='lat' dir='ltr'>naturalis</span> <span class='ocrx_word' id='word_1_246' title='bbox 1087 3084 1294 3147; x_wconf 79' lang='lat' dir='ltr'>modUS,</span> <span class='ocrx_word' id='word_1_247' title='bbox 1343 3100 1453 3134; x_wconf 93' lang='lat' dir='ltr'>non</span> <span class='ocrx_word' id='word_1_248' title='bbox 1499 3084 1755 3151; x_wconf 89' lang='lat' dir='ltr'>intellego</span> <span class='ocrx_word' id='word_1_249' title='bbox 1802 3099 1871 3134; x_wconf 91' lang='lat' dir='ltr'>ne</span> <span class='ocrx_word' id='word_1_250' title='bbox 1916 3083 1971 3134; x_wconf 90' lang='lat' dir='ltr'>in</span> 
     </span>
    </p>
   </div>
  </div>
 </body>
</html>
