2222 3496
236 256 445 309 xxn.81]
609 258 1095 301 IMMORTALITY
1134 261 1217 303 OF
1256 262 1394 303 THE
1436 264 1610 306 SOUL
1901 275 1966 325 33

234 390 477 456 agitetur
513 391 744 455 animm,
776 410 874 444 nec
914 394 1239 460 principium
1278 404 1458 446 motus
1498 397 1714 460 habeat,
1745 398 1873 464 quia
1910 414 1968 448 se

233 480 350 546 ipse
373 489 608 545 moveat,
630 499 697 532 ne
721 482 884 533 finem
908 484 1126 549 quidem
1149 485 1462 536 habiturum
1480 503 1602 537 esse
1622 495 1822 550 motUS,
1844 488 1969 554 quia

233 587 531 638 numquam
566 588 625 622 se
659 572 776 637 ipse
811 573 882 623 sit
918 574 1238 637 relicturus;
1282 583 1337 625 et
1376 592 1500 626 cum
1539 576 1767 642 simplex
1803 577 1967 627 animi

232 669 428 712 natura
467 669 632 725 esset,
663 679 840 729 neque
879 663 1104 714 haberet
1143 664 1198 714 in
1235 681 1293 715 se
1333 666 1623 732 quicquam
1665 666 1967 717 admixtum

232 751 417 817 dispar
450 752 534 802 sui
571 761 738 819 atque
776 753 1056 818 dissimile,
1087 771 1195 805 non
1231 772 1394 820 posse
1412 772 1548 813 ,eum
1576 756 1744 806 dividi
1765 775 1776 820 ;
1822 757 1967 823 quod

231 841 276 891 si
306 858 414 892 non
447 843 641 907 possit,
672 860 780 893 non
817 861 980 909 posse
1017 844 1274 907 interire;
1315 862 1622 912 magnoque
1656 863 1778 897 esse
1813 863 1967 913 argu-

230 939 417 982 mento
445 932 692 983 homines
722 934 860 984 scire
891 934 1147 1000 pleraque
1175 943 1302 985 ante
1332 952 1494 1001 quam
1524 936 1635 986 nati
1664 937 1789 1000 sint,
1822 937 1965 1003 quod

228 1021 336 1072 iam
374 1022 545 1088 pueri,
584 1040 710 1074 cum
749 1024 882 1074 artis
925 1023 1158 1075 difficilis
1197 1025 1428 1088 discant,
1471 1025 1548 1076 ita
1588 1026 1840 1077 celeriter
1879 1044 1965 1078 res

228 1111 640 1163 innumerabilis
669 1113 947 1179 arripiant,
969 1122 1030 1164 ut
1053 1130 1145 1164 eas
1175 1131 1284 1165 non
1313 1122 1427 1165 tum
1459 1115 1694 1180 primum
1717 1118 1965 1182 accipere

228 1201 534 1265 videantur,
553 1203 650 1252 sed
675 1203 948 1253 reminisci
971 1212 1027 1254 et
1047 1204 1334 1254 recordari.
1385 1205 1539 1255 Haec
1566 1205 1806 1256 Platonis
1829 1206 1961 1257 fere.

303 1296 465 1342 XXII.
514 1298 588 1343 79.
634 1292 803 1358 Apud
835 1293 1261 1359 Xenophontem
1295 1303 1478 1344 autem
1514 1295 1748 1346 moriens
1786 1295 1964 1365 Cyrus

227 1382 398 1431 maior
444 1382 577 1433 haec
627 1382 794 1433 dicit:
848 1383 1059 1433 ‘Nolite
1108 1383 1375 1447 arbitrari,
1423 1384 1472 1435 O
1519 1385 1647 1434 mihi
1697 1385 1963 1436 carissimi

227 1470 338 1535 filii,
379 1489 482 1535 me,
523 1488 648 1522 cum
685 1488 717 1522 a
752 1472 908 1523 vobis
947 1472 1270 1536 discesserO,
1311 1490 1580 1540 nusquam
1622 1482 1716 1525 aut
1756 1475 1963 1526 nullum

224 1561 358 1613 fore.
424 1562 543 1613 Nec
593 1562 738 1612 enim
787 1562 918 1612 dum
965 1579 1113 1613 eram
1162 1563 1444 1614 vobiscum
1492 1564 1732 1614 animum
1781 1582 1962 1615 meum

223 1651 513 1715 videbatis,
564 1652 661 1702 sed
710 1668 835 1703 eum
883 1669 1005 1703 esse
1050 1653 1106 1703 in
1148 1653 1249 1703 hoc
1294 1670 1520 1719 corpore
1565 1671 1630 1704 ex
1675 1654 1754 1705 eis
1800 1655 1961 1705 rebus

225 1759 360 1809 quas
397 1736 1113 1810 gerebam'intellegebatis.
1187 1743 1440 1794 Eundem
1481 1744 1646 1810 igitur
1687 1761 1809 1796 esse
1851 1762 1961 1796 cre-

223 1832 416 1896 ditote,
456 1833 621 1883 etiam
664 1833 710 1883 si
752 1833 959 1884 nullum
997 1833 1270 1884 videbitis,
1341 1840 1418 1884 80.
1464 1834 1582 1885 Nec
1624 1851 1754 1885 vero
1796 1835 1961 1886 claro-

223 1940 343 1973 rum
371 1924 610 1974 virorum
639 1933 765 1989 post
795 1932 1027 1974 mortem
1059 1917 1292 1975 honores
1324 1932 1724 1990 permanerent,
1755 1925 1801 1976 si
1830 1926 1960 1976 nihil

221 2029 410 2064 eorum
445 2014 686 2079 ipsorum
722 1999 887 2064 animi
923 2013 1222 2078 efficerent,
1259 2031 1365 2081 quo
1400 2014 1604 2065 diutius
1644 2016 1959 2066 memoriam

222 2103 306 2153 sui
345 2111 674 2154 teneremus
747 2105 885 2154 Mihi
924 2104 1143 2170 quidem
1182 2120 1478 2171 numquam
1515 2104 1831 2170 persuaderi
1869 2122 1959 2171 po-

222 2194 327 2244 tuit
356 2194 565 2244 animos
595 2194 727 2244 dum
754 2194 810 2244 in
837 2194 1155 2260 corporibus
1184 2202 1371 2245 essent
1406 2194 1725 2244 mortalibus
1755 2195 1956 2259 vivere,

221 2300 347 2334 cum
388 2284 758 2335 excessissent
800 2301 867 2335 ex
909 2285 987 2335 eis
1029 2285 1214 2347 emori,
1255 2301 1354 2335 nec
1394 2301 1523 2334 vero
1562 2292 1679 2334 tum
1717 2285 1956 2335 animum

220 2389 343 2424 esse
387 2374 737 2442 insipientem
781 2391 905 2425 cum
950 2391 1016 2425 ex
1060 2374 1339 2440 insipienti
1384 2391 1610 2439 corpore
1654 2374 1954 2438 evasisset,

220 2463 317 2514 sed
359 2480 485 2514 cum
527 2464 673 2514 omni
718 2464 1048 2515 admixtione
1094 2464 1335 2530 corporis
1379 2463 1641 2514 liberatus
1686 2480 1855 2529 purus
1899 2473 1955 2515 et

218 2553 435 2620 integer
487 2571 610 2605 esse
665 2555 955 2620 coepisset,
1011 2562 1129 2605 tum
1184 2571 1306 2605 esse
1362 2554 1683 2619 sapientem.
1763 2554 1954 2621 Atque

219 2644 402 2708 etiam,
433 2661 559 2695 cum
588 2645 822 2695 hominis
852 2653 1046 2695 natura
1079 2652 1254 2695 morte
1284 2644 1617 2706 dissolvitur,
1648 2652 1954 2695 ceterarum

219 2750 400 2784 rerum
444 2735 795 2801 perspicuum
843 2743 929 2785 est
975 2752 1081 2801 quo
1127 2751 1375 2801 quaeque
1420 2733 1698 2796 discedat;
1749 2734 1953 2785 abeunt

218 2824 362 2875 enim
400 2824 528 2876 illuc
567 2826 748 2876 omnia
789 2825 933 2876 unde
975 2833 1093 2875 orta
1134 2832 1280 2888 sunt,
1311 2824 1536 2874 ‘animus
1579 2831 1763 2874 autem
1804 2824 1951 2875 solus

219 2931 317 2965 nec
347 2931 473 2966 cum
506 2915 663 2966 adest
697 2924 797 2967 nec
832 2932 957 2966 cum
992 2915 1226 2966 discedit
1259 2922 1502 2980 apparet.
1554 2919 1630 2964 81.
1679 2915 1794 2964 Iam
1822 2931 1952 2965 vero

2001 1225 2050 1252 10

1998 1674 2045 1716 15

1992 2126 2044 2154 20

1988 2575 2039 2619 25

219 3004 416 3056 videtis
470 3005 602 3056 nihil
655 3022 778 3056 esse
840 3006 998 3056 morti
1059 3014 1173 3056 tam
1233 3005 1408 3055 simile
1464 3021 1625 3070 quam
1680 3020 1947 3055 somnum.
1982 3024 2036 3066 30

218 3094 395 3162 Atqui
424 3095 810 3148 dormientium
845 3097 1007 3146 animi
1038 3096 1270 3146 maxime
1300 3094 1578 3145 declarant
1608 3093 1949 3144 divinitatem
